2054 2748
239 169 292 217 33
607 168 1078 199 onsErtVATIONES
1127 167 1483 199 ZOOLOGICAE.

315 256 432 293 Pedes
452 260 605 290 extremi
625 254 759 289 breves.

316 316 498 359 Mystaces
523 312 671 360 plurimi
693 318 760 346 toti
784 310 878 353 albi,
898 322 974 344 non
995 309 1072 344 basi
1090 316 1192 358 nigri.

311 369 508 406 Auriculae
528 375 691 416 margine
710 373 889 402 exteriore
915 366 1066 412 bifidae,
1088 369 1189 412 juxta
1210 366 1484 414 longitudinem
1501 373 1683 417 marginis.

311 427 481 472 Collum,
508 438 622 474 genae
646 431 740 458 inter
762 422 887 458 fascias
908 423 996 458 duas
1020 429 1159 472 nigras,
1187 434 1222 460 et
1241 424 1372 459 fasciae
1393 424 1562 460 laterales
1586 425 1829 462 candidiores,v

582 543 809 586 FELIS
857 544 1273 588 GUTTATA.
1333 543 1497 586 Nobis.

311 657 397 689 Huc
421 660 584 699 spectare
605 650 653 685 ob
673 650 835 686 maculas
854 651 998 686 videtur
1011 650 1146 698 Prosp.
1167 649 1316 698 Alpini
1332 650 1504 697 Aegypt.
1525 647 1605 685 cab.
1623 649 1719 684 XV.
1729 648 1806 697 fig.
1822 662 1850 683 1.

234 725 271 758 p.
292 712 368 746 238.
396 709 459 743 ubi
483 708 679 756 descriptio
701 720 894 756 parvarum
920 706 1150 742 macularum
1171 713 1355 742 convenit.

310 768 369 801 An
388 778 504 801 unum
523 764 674 799 illorum
695 764 911 800 animalium
939 777 1033 812 quae
1060 763 1124 798 feli
1142 763 1273 799 similia
1299 764 1387 799 dicit
1409 763 1617 798 Bellonius
1642 765 1734 797 Icin.
1761 762 1804 796 L.
1821 764 1852 796 I.

239 824 372 871 claffo.
395 838 431 871 p.
452 823 506 869 73.
524 836 559 857 a.
585 822 716 870 quibus
741 822 841 870 apud
860 832 998 857 veteres
1019 820 1167 856 nullum
1192 832 1332 855 nomen
1352 833 1389 855 se
1408 825 1566 868 reperire
1588 824 1749 867 potuisse
1771 830 1853 866 per-

238 881 366 926 hibet,
387 891 422 915 et
447 892 539 928 quae
562 879 668 914 valde
690 885 882 914 mitescere
903 880 1018 914 dicit?

310 938 482 987 Spectare
502 936 575 971 hue
595 949 744 985 quoque
759 937 928 983 ydidentur
949 934 1214 984 gallo—pardali
1231 932 1503 982 (chats-pards)
1521 937 1661 981 species
1674 930 1854 980 leopardi,

235 995 390 1030 maculis
409 1000 557 1042 exiguis.
585 994 742 1028 Pocock
762 996 855 1028 Icin.
875 995 909 1039 ὃ.
936 996 1009 1034 154.
1029 1005 1121 1040 pag.
1140 995 1219 1034 245.
1240 1004 1337 1026 vers.
1352 1004 1473 1038 germ.

311 1051 545 1099 [Longitudo
566 1063 651 1085 cum
671 1050 787 1085 cauda
809 1056 919 1084 trium
939 1050 1075 1097 pedum
1090 1077 1098 1093 ‚
1118 1058 1261 1096 septem
1282 1047 1482 1096 pollicum;
1503 1045 1619 1081 cauda
1640 1044 1789 1093 pedalis.

285 1109 347 1145 Ab
363 1109 499 1157 angulo
523 1114 595 1142 oris
613 1114 796 1143 anteriore
820 1107 867 1142 ad
890 1112 1034 1155 apicem
1056 1111 1162 1140 rostri
1196 1134 1202 1140 .
1255 1133 1262 1140 .
1315 1132 1322 1139 .
1374 1132 1380 1138 .
1434 1132 1439 1138 .
1493 1131 1500 1139 .
1551 1132 1557 1138 .
1610 1103 1630 1137 ὅ
1644 1101 1735 1150 poll.
1750 1123 1773 1145 ss
1789 1101 1855 1136 lin.'

287 1167 347 1202 Ab
368 1167 502 1201 eodem
522 1165 570 1200 ad
592 1165 771 1212 angulum
791 1164 890 1199 oculi
911 1169 1155 1212 posteriorem
1200 1192 1206 1196 .
1258 1191 1264 1196 .
1316 1188 1324 1196 .
1376 1189 1381 1195 .
1435 1189 1440 1195 .
1496 1189 1502 1195 .
1556 1189 1561 1195 .
1617 1174 1630 1194 1
1660 1179 1710 1185 -—
1760 1159 1780 1193 ὅ
1805 1178 1855 1184 -

285 1224 459 1260 Latitudo
480 1228 623 1257 aurium
644 1223 691 1257 ad
711 1222 815 1256 basin
842 1252 847 1257 .
901 1246 1319 1256 ........
1374 1246 1380 1252 .
1433 1245 1440 1252 .
1493 1245 1500 1252 .
1554 1245 1560 1251 .
1612 1229 1634 1250 2
1659 1236 1709 1241 -—-
1758 1237 1780 1258 ss
1806 1235 1856 1242 -—

284 1279 456 1314 Altitudo
476 1285 619 1312 aurium
640 1277 803 1312 ovalium
830 1305 836 1311 .
891 1306 896 1310 .
950 1304 956 1311 .
1072 1304 1078 1310 .
1133 1303 1138 1310 .
1191 1303 1199 1309 .
1253 1304 1259 1309 .
1314 1303 1320 1308 .
1372 1302 1379 1308 .
1431 1302 1439 1308 .
1493 1301 1499 1307 .
1553 1301 1560 1307 .
1614 1272 1634 1306 3
1660 1292 1709 1298 ———
1758 1293 1781 1314 ss
1807 1291 1855 1298 --

286 1336 346 1371 Ab
366 1334 502 1381 angulo
524 1340 618 1369 auris
637 1333 810 1368 inferiore
832 1333 880 1368 ad
903 1332 1082 1381 angulum
1104 1336 1176 1366 olis
1203 1359 1210 1366 .
1262 1358 1268 1366 .
1321 1359 1327 1364 .
1381 1358 1387 1364 .
1440 1357 1446 1363 .
1499 1357 1505 1363 .
1557 1356 1564 1363 .
1615 1340 1637 1362 2
1663 1347 1712 1353 -—·
1761 1327 1782 1361 5
1808 1347 1856 1353 —

285 1390 497 1438 Longitudo
530 1389 619 1423 colli
648 1394 793 1422 circiter
844 1415 849 1420 .
902 1415 907 1420 .
961 1414 966 1420 .
1020 1414 1026 1420 .
1078 1414 1084 1418 .
1137 1412 1144 1419 .
1196 1412 1202 1417 .
1256 1411 1262 1416 .
1316 1410 1322 1416 .
1376 1410 1383 1417 .
1435 1410 1441 1417 ,
1493 1411 1499 1416 .
1553 1410 1559 1416 .
1613 1384 1634 1416 5
1660 1403 1709 1408 —-
1757 1404 1781 1425 ss
1807 1402 1856 1410 --

286 1449 323 1483 A
341 1446 441 1482 collo
466 1445 513 1480 ad
538 1444 677 1479 caudae
701 1443 806 1477 basin
841 1470 846 1476 .
905 1471 910 1477 .
963 1470 970 1476 .
1024 1470 1031 1477 .
1142 1449 1152 1475 ῖ
1203 1469 1208 1474 .
1262 1468 1267 1473 .
1321 1467 1327 1473 .
1380 1467 1386 1472 .
1437 1466 1444 1473 .
1497 1467 1502 1472 .
1556 1466 1562 1472 .
1590 1438 1635 1472 23
1661 1459 1710 1465 —-
1758 1460 1781 1481 ss
1807 1460 1856 1466 —-

312 1504 428 1539 Color
449 1506 576 1550 capitis
597 1505 760 1549 superius
783 1509 820 1534 et
840 1499 887 1534 ad
910 1498 1024 1534 latera
1047 1497 1185 1542 fulvus,
1209 1501 1259 1531 ita
1279 1505 1316 1530 et
1347 1494 1467 1540 dorsi,
1497 1494 1674 1541 latelum⁷
1697 1495 1855 1543 pedum3

238 1564 356 1599 fasciis
373 1571 409 1596 et
422 1558 576 1594 maculis
598 1563 707 1606 nigris
730 1566 899 1605 guttatus

312 1617 466 1654 Labium
482 1620 645 1663 superius
664 1619 828 1661 margine
848 1612 954 1658 albo,
976 1611 1122 1648 macula
1144 1616 1248 1660 nigra
1269 1608 1482 1658 triangulari
1500 1614 1539 1644 in
1558 1619 1716 1657 utroque
1740 1596 1856 1645 latele

240 1687 322 1728 post
343 1675 470 1711 dentes
492 1672 674 1709 laniarios.

314 1730 470 1768 Maxilla
484 1729 633 1765 inferior
647 1727 741 1764 alba.
771 1726 908 1763 Guttur
928 1725 1056 1762 album
1076 1738 1161 1761 cum
1180 1731 1270 1760 serie
1291 1723 1520 1760 macularum
1542 1728 1727 1770 nigrarum
1740 1732 1855 1759 trans-

240 1789 380 1828 versali.

313 1844 495 1894 palpebra
519 1845 668 1881 inferior
690 1854 787 1890 tota,
817 1848 983 1892 superior
1013 1848 1134 1877 antice
1157 1841 1251 1876 alba.
1278 1839 1477 1888 Reliquum
1501 1847 1610 1886 caput
1628 1836 1753 1872 multis
1777 1837 1854 1885 ple—

242 1915 396 1952 rumque
417 1908 533 1951 parvis
553 1902 706 1938 maculis
729 1907 840 1949 nigris
858 1901 1047 1948 adspersis.

315 1962 439 1996 Facies
458 1965 600 1994 aurium
623 1965 775 1993 interior
793 1957 993 1993 albo-flava
1006 1984 1014 2001 ‚
1029 1960 1186 1990 exterior
1208 1953 1303 1989 fulva
1320 1981 1328 1998 ,
1349 1958 1513 2000 margine
1528 1956 1714 2000 superiore
1737 1957 1853 1999 nigro.

315 2020 415 2053 Inter
435 2029 538 2051 aures
564 2016 694 2051 fasciae
722 2016 815 2050 duae
838 2020 963 2061 nigrae
985 2024 1142 2060 superne
1167 2011 1395 2058 divergentes
1424 2019 1568 2056 tresque
1595 2008 1709 2042 lineas
1733 2013 1854 2055 nigras

243 2075 497 2119 includentes,
530 2073 671 2107 inferne
701 2079 740 2107 in
770 2077 909 2107 cervice
934 2076 972 2104 in
990 2069 1130 2104 furcam
1152 2074 1223 2103 sive
1245 2066 1515 2103 semicirculum
1545 2066 1790 2110 conjunctae,
1818 2074 1854 2101 et

244 2133 331 2168 inde
355 2132 478 2167 denuo
504 2130 726 2177 divergendo
752 2143 817 2177 per
843 2128 985 2163 collum
1010 2126 1255 2161 decurrentes.
1292 2127 1391 2159 Inter
1415 2123 1479 2158 has
1505 2122 1598 2157 duae
1621 2121 1714 2156 aliae
1734 2120 1854 2169 paral-

244 2190 339 2225 lelae
363 2189 598 2224 obscuriores.
626 2190 666 2222 In
690 2197 855 2221 extremo
886 2184 976 2219 colli
1004 2182 1135 2218 fasciae
1167 2181 1238 2217 hae
1265 2191 1423 2230 quatuor
1449 2192 1533 2215 cum
1561 2178 1633 2214 alia
1656 2188 1854 2214 transversa

246 2248 539 2294 conjunguntur,
559 2258 606 2280 ex
625 2257 697 2293 qua
715 2256 778 2278 sex
797 2243 890 2278 aliae
904 2241 1035 2276 fasciae
1053 2238 1342 2288 longitudinales
1363 2248 1400 2274 et
1420 2238 1667 2285 divergentes,
1683 2235 1776 2271 duae
1789 2247 1854 2284 per
