2054 2748
793 159 1179 190 MAMMALIA.
1737 160 1791 203 57

190 252 300 299 Buffl
319 260 355 286 et
375 260 422 284 ne
443 247 592 296 quidem
620 255 743 281 tanta:
776 255 909 291 nempe
937 242 1133 289 longitudo
1158 239 1294 289 pedum
1324 239 1503 285 duorum,
1533 242 1670 278 caudae
1690 243 1792 291 pedis

190 314 312 353 unius,
335 305 492 341 altitudo
514 304 561 339 ad
584 313 747 338 ventrem
769 312 883 348 usque
903 299 1083 347 pollicum
1103 310 1247 333 novem.

263 363 378 398 Color
394 374 500 410 supra
517 360 652 404 fulvus,
676 358 767 393 infra
786 355 939 392 albidus.
967 355 1139 390 Maeuiae
1163 361 1286 402 nigrae
1304 360 1342 388 in
1365 353 1451 388 solis
1473 353 1580 388 radiis
1599 356 1647 390 ad
1665 369 1795 391 coeru-

191 421 291 457 leum
310 418 527 464 chalybeum
546 424 743 462 vergentes.
771 411 943 448 Maculae
967 417 1165 446 anteriores
1188 422 1224 446 et
1245 417 1283 446 in
1305 410 1586 459 interscapuliO,
1615 418 1671 446 cui
1693 413 1797 448 color

190 483 303 525 magis
325 476 463 519 sulvus,
487 472 692 521 simplices,
719 469 767 504 ad
785 469 899 504 latera
921 474 1023 516 quasi
1048 467 1213 508 binatae,
1240 474 1458 516 posteriores
1480 467 1698 503 annulatae.
1724 470 1795 504 sere

191 544 230 569 ut
249 540 286 568 111
308 533 493 581 panthera.

264 588 460 624 Auriculae
487 583 710 630 majusculae
740 582 983 628 rotundatae,
1012 582 1180 616 diametri
1207 581 1280 617 fere
1306 582 1412 630 triplo
1442 583 1587 627 majoris
1609 595 1721 631 quam
1746 593 1798 619 cst

191 647 367 682 diameter
389 642 593 677 oculorum.
622 642 758 676 Antice
778 639 906 683 albae,
934 645 1073 687 postice
1100 638 1208 673 [ascia
1228 637 1302 674 lata
1322 645 1445 686 nigra,
1469 645 1572 688 apice
1592 640 1687 675 albo,

261 703 328 736 Pes
347 710 530 734 extremus
552 710 725 745 magnus,
757 696 869 741 latus,
894 701 1008 743 lnag’rs
1035 709 1146 744 quarn
1165 702 1204 730 111
1229 695 1328 739 aliis,
1355 706 1391 731 et
1410 703 1604 745 praecipue
1623 711 1734 746 quam
1760 704 1799 733 111

188 757 385 808 partalide,
412 768 522 804 quam
548 765 674 803 postea
700 753 845 802 (1793.)
872 754 1023 788 farctam
1049 765 1261 802 comparare
1282 753 1393 788 licuit.

642 841 869 884 FELIS
925 842 1348 884 PARDALIS.

260 931 304 963 IN
327 927 394 962 hac
423 926 529 975 (fele
554 924 727 973 par-dall.
757 924 934 959 L’Ocelot
959 925 1091 973 Buff.)
1123 925 1357 969 cauda,‚sa11e
1385 921 1540 971 pedibus
1560 924 1706 961 brexior
1730 938 1801 972 est,

189 997 258 1019 nec
282 994 415 1019 terram
434 988 604 1029 attingit,
629 987 770 1029 integra
793 991 918 1016 tamen
938 988 1085 1029 utique,
1109 982 1252 1029 gracilis
1278 987 1398 1016 etiam.

262 1040 378 1088 Supra
399 1052 476 1074 11011
497 1038 631 1083 fuscus,
656 1038 720 1072 sed
743 1037 863 1073 luteus
888 1037 1002 1073 color.

259 1099 396 1131 Lineae
420 1105 632 1144 punctaque
655 1101 780 1143 nigrae
805 1101 855 1130 ita
882 1107 920 1130 se
949 1094 1108 1140 habent,
1135 1105 1176 1130 ut
1201 1094 1322 1130 luteae
1342 1100 1414 1130 sint
1438 1100 1802 1144 nigro-marginatae7

188 1159 285 1189 intus
313 1159 644 1201 nigro-punctatac.
681 1154 818 1187 Earum
848 1152 942 1187 duae
970 1165 1078 1200 supra
1103 1152 1270 1200 scapulas
1296 1151 1617 1200 longitudinaliter
1649 1154 1801 1189 descen-

190 1210 292 1245 dunt.
320 1212 388 1244 Pcr
409 1210 572 1244 medium
594 1209 743 1243 dorsum
766 1209 863 1244 linea
882 1214 985 1256 mgra
1008 1215 1150 1256 integra
1171 1209 1450 1256 longitudinalis
1471 1209 1681 1254 descendit,
1704 1224 1803 1258 pone

189 1266 356 1314 scapulas
376 1271 563 1313 incipiens.
591 1267 690 1299 Ante
709 1265 813 1299 illam
832 1275 903 1299 tres
925 1274 1009 1297 sunt
1028 1264 1262 1310 irregulares,
1282 1278 1354 1298 una
1373 1265 1514 1308 media,
1536 1277 1609 1299 una
1631 1265 1677 1299 ab
1701 1277 1802 1300 utro-

190 1335 261 1371 que
283 1322 405 1356 latere.
433 1321 493 1355 Ab
520 1325 678 1368 occipite
706 1330 863 1368 quatuor
889 1319 1118 1366 divergentes
1142 1319 1263 1354 lineae
1285 1333 1350 1367 per
1368 1318 1529 1354 nucham
1555 1320 1803 1368 descendunt,

190 1389 226 1412 et
247 1379 318 1411 alia
345 1377 466 1409 media
492 1381 700 1419 angustior,
728 1383 811 1419 post
835 1384 924 1418 quas
943 1374 1086 1418 aliquot
1111 1373 1288 1407 maculae.
1316 1376 1431 1407 Frons
1455 1384 1491 1408 et
1509 1385 1633 1410 vertex
1651 1378 1803 1414 maculis

188 1431 411 1476 minoribus,
430 1435 586 1473 seriatis,
607 1426 860 1475 inaequalibus
877 1439 884 1461 :
905 1432 1002 1461 inter
1019 1427 1083 1461 has
1098 1438 1134 1462 et
1152 1441 1256 1462 aures
1276 1429 1400 1463 medio
1417 1430 1503 1465 1000
1529 1431 1688 1468 decurrit
1708 1433 1803 1471 linea

189 1496 291 1537 nigra
311 1501 332 1523 a
363 1486 498 1522 cantho
518 1485 618 1520 001111
639 1490 785 1519 interno
805 1489 993 1532 incipiens.
1020 1483 1081 1518 Ab
1105 1484 1222 1520 oculis
1242 1498 1308 1534 per
1326 1499 1435 1534 genas
1460 1488 1553 1523 duae
1573 1488 1691 1525 lineae
1714 1505 1804 1527 eon-

190 1555 400 1593 vergentes,
427 1553 524 1578 retro
554 1554 656 1577 aures
679 1541 727 1576 ad
747 1541 837 1575 colli
867 1540 980 1575 latera
1009 1541 1245 1578 confluentes.
1281 1544 1397 1591 Regio
1421 1550 1517 1579 inter
1545 1545 1608 1580 has
1632 1546 1746 1583 lineas
1768 1559 1802 1585 et

190 1601 474 1651 praecedentem
512 1605 682 1647 interque
718 1597 846 1633 oculos
884 1609 919 1633 et
954 1610 1057 1633 aures
1094 1599 1338 1637 immaculata.
1366 1602 1625 1638 immaculatus
1656 1617 1804 1654 quoque

191 1672 309 1696 nasus.
335 1659 371 1692 A
400 1657 485 1705 gula
512 1656 611 1691 linea
638 1666 846 1690 antrorsum
869 1654 981 1690 bifida
1010 1666 1206 1691 retrorsum
1230 1671 1350 1694 versus
1377 1659 1566 1708 scapulam
1591 1662 1803 1709 descendit,

189 1717 314 1752 medio
331 1724 455 1750 tamen
475 1719 571 1748 inter
589 1725 691 1747 aures
713 1722 749 1747 et
766 1711 955 1760 scapulam
972 1712 1056 1747 1000
1073 1720 1265 1763 evanescit.

263 1775 397 1808 Pectus
411 1770 647 1804 maculatum.
675 1772 774 1804 Inter
793 1768 887 1803 illud
908 1779 943 1804 et
964 1770 1088 1817 gulam
1109 1780 1257 1819 torques
1276 1779 1389 1820 nigra.

264 1829 382 1877 Super
399 1839 520 1862 armos
537 1825 668 1860 fasciae
689 1836 908 1861 transversae
931 1827 1124 1875 simplices.
1153 1831 1195 1862 ln
1210 1829 1305 1864 tibiis
1325 1830 1502 1867 maculae.
1531 1832 1648 1881 Super
1668 1833 1802 1868 femora

191 1885 323 1921 fasciae
347 1895 568 1920 transversae
590 1889 812 1930 marginatae
836 1893 870 1917 et
893 1883 993 1918 disco
1017 1884 1222 1920 maculatae
1246 1887 1371 1934 quales
1396 1893 1434 1922 111
1453 1888 1626 1924 lateribus
1645 1890 1711 1925 sub
1735 1890 1802 1924 illis

192 1941 360 1977 maculae
378 1941 515 1976 similes
529 1970 537 1986 ,
563 1940 649 1975 dein
672 1939 839 1974 maculae
860 1945 1043 1988 integrae,
1069 1941 1218 1989 plenae,
1238 1949 1371 1978 sensim
1389 1958 1510 1979 versus
1533 1946 1668 1994 pedem
1686 1956 1802 1981 extre-

192 2011 296 2034 mum
314 2004 483 2033 minores.
514 2000 650 2033 Venter
669 1997 890 2042 maculatus,
916 2010 1014 2046 pone
1033 2011 1153 2034 versus
1175 2006 1322 2048 inguina
1349 2001 1465 2038 albus.

267 2056 390 2090 Cauda
411 2055 487 2090 basi
509 2055 620 2090 dense
640 2054 820 2090 maculata
833 2083 842 2099 ,
866 2065 1031 2090 extremo
1055 2061 1156 2103 nigra
1172 2085 1180 2101 ,
1210 2057 1356 2093 annulis
1377 2059 1520 2094 duobus
1540 2058 1802 2104 ssavicanzibus,

195 2125 353 2161 quorum
373 2119 509 2161 primus
529 2112 602 2147 fere
622 2113 669 2147 ad
690 2112 778 2147 duas
799 2118 920 2147 tertias
944 2113 1082 2146 caudae
1101 2118 1240 2161 incipit.

267 2170 443 2205 'Posticuli
462 2175 585 2218 magni
605 2183 703 2219 pone
722 2176 996 2219 prominentes,
1024 2169 1149 2218 quales
1172 2177 1211 2206 111
1238 2177 1347 2207 100110
1370 2172 1560 2208 Sehreberi
1587 2170 1803 2207 Bussoniana

196 2225 437 2262 delineantur.
