2054 2748
275 177 329 218 72
648 166 1093 202 OBSERVATIONES
1126 166 1494 197 ZOOLOGICAE.

344 257 454 292 Roob
472 256 661 302 cynosbati
680 261 766 305 pani
786 254 921 289 illitum
943 252 1068 298 linxit,
1087 251 1259 300 neglecto
1278 263 1393 298 pane,
1413 255 1524 286 etiam
1544 255 1649 285 tertia
1671 255 1758 286 vice.

345 313 600 349 Crustulentos
624 325 736 361 panes
753 322 879 346 tenues
894 322 979 344 cum
997 321 1163 344 cremore
1178 308 1280 343 lactis
1300 317 1447 356 paratos
1470 307 1880 355 (Milchrahms-Kuch·

270 371 367 418 lein)
393 371 486 406 adeo
507 375 640 405 amavit
652 397 660 414 ,
674 379 714 403 ut
729 375 913 415 integrum
924 366 997 401 fere
1018 367 1208 403 devoraret
1224 394 1231 410 ,
1245 376 1281 400 et
1295 364 1446 400 tandem
1463 364 1699 400 solummodo
1718 370 1879 400 maxime

270 438 406 463 tostam
428 427 656 475 superficiem
676 424 881 459 abroderet.
909 425 957 459 Et
975 423 1067 459 adeo
1090 436 1202 460 vorax
1217 433 1307 458 utet
1326 434 1416 456 mox
1435 433 1571 457 nucem
1583 421 1706 457 adhuc
1724 432 1879 467 voraret,

271 495 307 520 et
329 491 451 521 statim
471 494 553 532 post
567 481 708 530 aliquid
728 481 776 517 de
789 479 913 530 p‘om0.

344 542 405 576 Ad
421 541 590 575 ultimum
608 539 703 574 adeo
724 538 843 584 butyri
861 551 987 574 amans
999 567 1007 583 ,
1024 548 1065 573 ut
1079 537 1232 573 frustum
1251 548 1346 571 nuce
1360 535 1542 584 juglandis
1558 536 1675 581 majus
1689 534 1880 570 abstulerit

270 599 533 646 aufugeritque.
562 596 700 629 Mirum
721 601 758 630 in
785 595 939 630 rodente
964 594 1124 629 animali.
1152 594 1326 629 Crederet
1351 598 1430 642 quis
1456 593 1584 627 dentes
1606 598 1826 640 impingueri
1845 602 1881 628 et

270 656 342 691 cibi
361 653 545 689 fastidium
565 658 762 697 oriturum,
783 662 823 687 ut
841 657 879 686 111
900 664 1006 700 equO.

342 713 420 747 Diu
440 722 552 745 nuces
572 721 689 744 meras
712 708 881 744 obtinuit.
909 710 1110 756 propositis
1132 717 1219 743 tunc
1242 706 1418 743 avelianis
1440 705 1595 740 nucibus
1614 705 1677 740 has
1699 706 1884 753 praetulit.

344 769 483 803 Mirum
506 766 642 801 fructus
655 766 833 815 pulposos
854 765 980 801 dulces
1003 765 1097 800 adeo
1119 765 1271 800 tandem
1291 775 1413 798 amare
1427 768 1600 810 coepisse.
1626 763 1677 797 D.
1697 774 1727 803 4.
1742 762 1883 797 Nivalis

270 826 341 860 Αο.
362 824 394 861 6.
426 824 502 872 (25.
525 824 621 859 Dec.
650 823 771 871 1798.)
795 823 840 857 de
860 834 962 857 more
985 828 1024 856 in
1042 822 1242 857 triclinium
1260 820 1491 856 introductus
1510 829 1546 853 et
1568 830 1637 852 nos
1657 823 1752 853 inter
1774 831 1881 866 pran-

271 882 437 918 dendum
461 882 595 927 jocosis
618 886 689 915 suis
713 879 864 915 saltibus
883 891 1048 915 recreans
1070 879 1197 913 incidit
1225 883 1263 912 in
1291 883 1480 925 patinam,
1508 880 1632 923 prunis
1657 874 1883 909 damascenis

272 944 387 974 coctis
417 937 578 986 plenam.
615 939 740 973 Unam
766 936 986 985 prehendit,
1013 935 1075 970 ubi
1097 935 1289 971 dimidiam
1317 928 1475 976 voravit,
1502 934 1636 978 rejecit.
1664 932 1762 966 Tum
1789 937 1886 966 inter

271 995 493 1031 currendum
526 988 682 1028 offendit
713 1006 848 1027 nucem
883 992 1126 1039 juglandem,
1162 992 1258 1026 hanc
1287 990 1374 1024 licet
1401 988 1507 1023 nullo
1537 988 1658 1022 adhuc
1688 987 1761 1022 alio
1800 987 1883 1022 cibo

271 1061 431 1087 assumto
457 1063 503 1086 ex
532 1063 606 1099 quo
628 1049 787 1085 triclinio
812 1049 935 1084 illatus
955 1058 1052 1094 erat,
1079 1047 1334 1083 abscondidit:
1361 1045 1469 1080 rediit
1489 1045 1535 1080 ad
1555 1057 1715 1093 prunum
1735 1045 1886 1092 ejusque

271 1109 426 1159 pulpam
445 1119 597 1142 omnem
621 1116 734 1142 vorat.
761 1107 892 1141 Postea
913 1117 1064 1153 quoque
1084 1116 1228 1153 semper
1250 1103 1454 1141 avidissime
1474 1101 1544 1136 hos
1568 1101 1703 1136 fructus
1723 1107 1882 1150 expetiit.

344 1167 485 1200 Panem
510 1163 776 1199 confusaneum
795 1168 991 1211 praecipue
1011 1174 1133 1197 amare
1151 1160 1353 1196 videbatur.
1382 1159 1501 1195 Modo
1522 1158 1657 1193 abhoc
1683 1159 1730 1193 ad
1750 1170 1886 1207 panem

271 1221 423 1265 album,
463 1230 526 1254 aut
548 1225 626 1254 vice
644 1232 745 1254 versa
769 1225 919 1253 transiit.
949 1220 1034 1264 Quo
1064 1220 1243 1264 majorem
1269 1217 1409 1253 auferre
1435 1226 1557 1264 posset
1580 1222 1812 1264 portionem,
1840 1226 1883 1248 eo

271 1277 439 1325 cupidius
459 1275 658 1315 insistebat,
689 1275 762 1310 Sed
787 1287 873 1323 prae
898 1274 1069 1310 omnibus
1098 1274 1275 1310 crustulas
1308 1273 1390 1308 illas
1422 1272 1577 1320 fragiles.
1607 1274 1748 1307 Harum
1775 1284 1887 1306 unam

271 1333 474 1381 aliquando
489 1333 644 1367 humero
662 1344 746 1367 meo
769 1332 931 1366 insidens
948 1338 1104 1376 voravit,
1132 1331 1234 1378 quod
1255 1330 1437 1377 reliquum
1458 1329 1589 1364 habuit
1607 1328 1784 1376 capillitio
1801 1340 1885 1363 meo

273 1389 504 1437 negligenter
526 1393 694 1431 intrusit,
733 1399 812 1420 non
835 1385 1022 1428 manibus,
1049 1390 1101 1419 uti
1128 1385 1215 1419 alias
1244 1384 1362 1418 facere
1385 1383 1529 1417 solebat
1549 1411 1558 1427 ,
1585 1384 1737 1418 defodit.

347 1444 427 1480 Mel
450 1443 496 1479 ab
524 1449 629 1478 initio
659 1442 793 1491 cupide
819 1441 956 1476 linxit:
992 1453 1082 1475 mox
1108 1450 1234 1475 tamen
1263 1440 1408 1475 destitit.
1444 1441 1606 1474 Massam
1631 1440 1782 1488 crudam
1805 1439 1886 1488 pla—

275 1512 403 1538 centae
425 1500 617 1536 Sabaudae
651 1500 794 1543 dictae,
821 1510 933 1546 quam
961 1497 1214 1544 ingrediuntur
1246 1509 1338 1540 ova,
1365 1495 1596 1540 saccharum,
1630 1502 1709 1531 citri
1739 1507 1886 1541 cortex,

274 1564 464 1596 cerevisiae
484 1557 724 1601 fermentum,
751 1555 842 1600 alia,
863 1554 1066 1590 avidissime
1085 1559 1245 1598 voravit,
1272 1553 1404 1601 palmis
1426 1563 1566 1588 tenens.

345 1616 422 1652 Ubi
441 1628 517 1650 nux
538 1614 727 1662 aliquanto
744 1612 869 1648 durior
883 1622 993 1655 esset,
1027 1621 1062 1646 et
1082 1621 1211 1659 apertu
1236 1609 1438 1655 difficilior,
1464 1614 1616 1657 strepitu
1631 1599 1766 1657 ‘aliquo
1793 1610 1885 1645 den-

274 1680 366 1709 tium
388 1684 498 1720 quem
525 1677 635 1705 etiam
657 1669 835 1704 subiratus
860 1678 897 1703 et
920 1668 1148 1715 obganniens
1172 1667 1280 1702 edere
1298 1666 1462 1711 solebat,
1489 1672 1757 1714 impatientiam
1783 1679 1886 1702 suam

274 1729 481 1766 testabatur.

348 1788 451 1820 Licet
474 1797 588 1832 pruna
610 1783 827 1819 damascena
841 1791 948 1817 cocta
961 1780 1069 1816 valde
1088 1790 1226 1815 amaret
1245 1790 1280 1815 et
1303 1779 1434 1827 cupide
1453 1778 1632 1823 auferret,
1651 1789 1775 1814 tamen
1794 1792 1888 1813 nun-

277 1855 389 1892 quam
406 1847 519 1888 magis
539 1841 632 1876 illud
648 1840 906 1883 maniFestavit,
927 1850 1038 1886 quam
1053 1837 1085 1871 d.
1101 1839 1131 1872 8.
1149 1850 1196 1872 m.
1215 1836 1390 1872 Pluvialis
1401 1850 1432 1883 7.
1455 1836 1509 1883 (d.
1525 1848 1570 1882 27
1587 1838 1749 1870 ι1311113111
1768 1835 1885 1883 1799.)

279 1900 340 1935 ubi
365 1909 401 1934 et
423 1904 537 1946 prima
567 1904 644 1933 vice
664 1897 737 1933 tale
758 1908 917 1945 prunum
937 1900 989 1929 uti
1007 1893 1095 1928 alias
1114 1899 1150 1927 in
1174 1893 1329 1928 nucibus
1351 1892 1470 1927 lacere
1488 1892 1583 1927 solet
1598 1921 1606 1936 ,
1633 1893 1886 1936 abscondidit,

279 1968 316 1993 et
329 1968 479 1991 succum
499 1967 543 1989 ex
563 1954 652 1989 orbe
670 1953 907 2003 porcellaneo
923 1951 1050 1995 linxit,
1070 1961 1106 1985 et
1120 1950 1295 1985 nucleum
1313 1949 1482 1986 rodendo
1502 1955 1661 1999 aperuit,
1681 1962 1759 1984 non
1772 1949 1886 1984 modo

277 2015 379 2061 cujus
400 2012 552 2061 pulpam
576 2011 812 2055 comedisset,
839 2009 903 2044 sed
926 2019 963 2044 et
984 2008 1127 2057 aliquot
1153 2008 1254 2042 alios.

350 2072 473 2106 Nuces
498 2081 612 2116 quum
626 2068 750 2102 nullae
770 2066 961 2114 juglandes
985 2066 1032 2100 ad
1050 2078 1178 2100 manus
1197 2075 1338 2110 essent,
1365 2077 1500 2113 panem
1520 2063 1691 2113 praetulit
1711 2069 1888 2099 castaneis

281 2129 405 2175 (siccis
424 2131 578 2161 omnino
594 2152 602 2169 ,
629 2135 704 2159 erat
723 2130 820 2158 euim
840 2136 961 2159 versus
980 2122 1092 2157 finem
1112 2121 1265 2156 Floralis
1286 2121 1452 2168 mensis.)

354 2184 441 2218 Vidi
471 2188 603 2226 etiam,
640 2194 755 2229 quum
786 2195 864 2216 non
887 2186 955 2216 nisi
979 2185 1095 2229 aperti
1122 2178 1352 2227 juglandium
1384 2178 1506 2214 nuclei
1537 2187 1573 2213 et
1604 2183 1707 2225 panis
1742 2186 1886 2226 praesto

280 2251 399 2278 essent
420 2269 428 2287 ,
454 2240 553 2276 hunc
580 2238 761 2288 praeferri,

1780 2287 1886 2323 Adeo
