2054 2748
862 139 891 165 A
924 138 952 166 v
986 138 1011 165 E
1043 136 1074 164 5.
1695 127 1765 170 151

580 212 1024 264 COL‘YMBUS
1075 218 1356 262 IMMER.

241 317 390 350 CAPTUS
416 314 651 361 Argentorati
678 314 748 348 Ao.
776 313 873 360 1789.
899 311 1120 356 Novembri,
1156 321 1192 347 et
1219 324 1317 359 1790·
1337 316 1441 347 initio
1472 310 1709 358 Decembris,
1737 324 1773 350 et

167 371 240 406 vidi
259 376 386 418 viginti
408 377 514 406 annis
541 380 626 405 ante
646 369 861 417 aliquotie33
889 372 937 402 ita
966 368 998 403 d.
1019 375 1074 411 24.
1103 368 1322 403 Novembris
1348 369 1445 416 1787.
1480 370 1601 403 Etiam
1624 375 1661 403 in
1691 371 1773 406 lacu

168 428 393 473 Genevensi‚
422 429 493 475 (uti
518 426 718 473 Colymbus
746 430 921 470 arcticuS,
956 437 1067 473 quem
1097 425 1183 460 iude
1206 425 1326 461 habeo
1355 425 1454 460 dono
1483 426 1547 461 Di.
1568 426 1774 471 Deruyneri

172 497 270 532 179¹·
289 487 513 520 Lausannae.
539 487 677 520 Bernae
694 487 804 517 etiam
823 482 922 517 hunc
940 481 1015 517 vidi
1034 487 1073 516 in
1091 494 1240 516 musaeo
1257 481 1516 530 SpriinglianO.
1544 483 1662 517 Miror
1680 484 1772 518 adeo

166 547 205 577 in
220 542 352 576 Rheno
374 552 499 576 nostro
520 552 733 587 nunquam,
758 539 859 588 quod
878 544 1008 585 sciam,
1028 548 1178 587 captum
1198 536 1305 585 esse.)

241 601 377 646 Capitis
395 608 540 645 pennae
567 602 597 631 si
617 606 813 632 retrorsum
840 596 1051 642 flectantur,
1072 595 1168 631 illud
1188 601 1289 644 quasi
1312 595 1582 631 holosericeum
1605 597 1775 633 reddunt.

167 655 323 689 Aurium
347 662 515 701 apertura
540 666 662 701 parva.
688 653 805 689 Pedes
825 653 900 689 albi
920 682 928 699 ‚
952 659 1052 690 venis
1081 659 1287 700 sanguineis
1318 658 1425 701 picti,
1450 655 1551 699 juxta
1578 654 1776 701 digitorum

167 709 438 758 longitudinem
460 715 562 758 nigri.
590 711 710 757 Digiti
733 716 866 758 postici
894 715 1022 759 unguis
1043 720 1180 746 auctus.
1208 712 1391 745 Rectrices
1412 711 1622 746 octodecim
1642 711 1775 748 brevis-

167 772 290 802 simae.
316 767 459 802 Pedum
481 767 584 815 digiti
605 773 655 802 ita
676 767 890 816 complicari
905 778 942 804 et
962 767 1010 802 ad
1028 773 1239 803 seinvicem
1260 766 1436 816 applicari
1459 778 1634 815 possunt,
1654 778 1694 804 ut
1716 774 1776 805 vix

166 833 262 859 tarso
285 823 432 859 latiores
452 830 523 859 sint
543 836 670 859 omnes
690 823 798 859 simul
816 830 934 860 sumti.

241 879 328 914 Sine
356 880 468 915 dubio
498 886 560 928 qui
588 886 740 915 nomine
767 880 939 926 Colymbi
965 886 1106 916 strotici
1131 881 1238 929 (vitio
1262 881 1527 929 typographico
1545 891 1585 916 ut
1610 881 1773 929 videtur)

168 942 267 974 venit
290 942 327 971 in
347 936 742 983 lilersz·2rcl1gkeicen
760 937 831 971 der
846 937 1104 984 Lmzdsclzczfc
1119 937 1245 972 Base]
1257 951 1295 983 p.
1314 937 1420 972 2588.

479 1037 926 1083 COLYMBUS
978 1039 1461 1084 CRISTATUS.

241 1133 392 1167 CAPTUS
412 1131 648 1178 Argentorati
671 1131 769 1178 1775.
793 1130 915 1165 medio
933 1132 1036 1177 Majo
1053 1159 1061 1177 ,
1077 1137 1172 1166 circa
1188 1131 1289 1180 quod
1309 1140 1451 1180 tempus
1470 1132 1616 1169 insolita
1632 1138 1697 1168 nix
1717 1146 1776 1169 ce-

168 1188 265 1224 cidit.
292 1189 433 1223 Totum
447 1197 558 1235 caput
580 1200 658 1222 non
678 1187 828 1232 collari,
851 1187 916 1222 sed
934 1193 1023 1223 vitta
1042 1197 1162 1222 totum
1184 1198 1292 1236 caput
1308 1198 1455 1235 tegente
1470 1189 1666 1225 obsessum.
1683 1192 1777 1226 Pen-

167 1257 236 1280 nae
255 1245 390 1292 longae
411 1243 637 1291 ferrugineae
656 1243 835 1278 auriculas
857 1248 958 1291 quasi
977 1243 1146 1278 formant.

241 1303 375 1336 Rursus
395 1310 520 1349 captus
541 1301 610 1335 Ao.
630 1302 662 1336 8.
686 1301 808 1348 (1799.
828 1300 901 1335 sinc
925 1299 1070 1346 Martii)
1095 1310 1179 1348 post
1201 1300 1317 1336 diram
1341 1300 1567 1349 longamque
1588 1302 1778 1339 insolitam

166 1359 357 1403 hyemem,
380 1367 458 1392 toto
480 1356 554 1391 hoc
575 1357 769 1391 intervallo
793 1368 985 1402 nunquam
1007 1361 1109 1391 visus.

243 1414 399 1462 (captus
414 1413 537 1448 denuo
553 1412 622 1447 Ao.
638 1423 669 1459 9.
687 1410 830 1458 (1801.)

281 1515 674 1560 COLYMBUS
710 1512 1464 1560 ERYTHROCEPHALUS.
1511 1517 1672 1561 Nobis.

241 1613 415 1650 Pedibus
438 1613 609 1657 Iobatis,
623 1613 791 1661 fuscus,
824 1612 920 1648 colli
941 1611 1130 1647 lateribus
1144 1612 1304 1659 fulvis,
1329 1614 1466 1650 nucha
1486 1614 1780 1665 abdomineque

167 1684 341 1709 cztzerezs.

240 1729 395 1771 Parvus,
419 1726 673 1774 magnitudine
696 1726 769 1760 fere
797 1726 1003 1761 columbae.
1031 1726 1153 1761 Rostri
1178 1739 1273 1775 apex
1297 1727 1426 1764 fulvus.
1455 1729 1624 1778 Remiges
1649 1743 1778 1767 secun-

168 1784 289 1821 dariae
303 1789 468 1831 margine
482 1789 655 1820 interiore
674 1782 800 1828 albae3
823 1782 887 1818 sed
909 1782 1052 1818 nullam
1076 1783 1224 1819 fasciam
1243 1784 1377 1821 albedo
1396 1793 1596 1824 constituit.

554 1887 819 1931 LARUS
866 1885 1389 1934 CINERARIUS.

243 1981 319 2015 Hic
349 1980 495 2028 (potius
522 1978 714 2027 naevius)
744 1981 866 2026 junior
892 1985 981 2015 vixit
1005 1980 1104 2028 apud
1127 1993 1186 2016 me
1210 1981 1280 2017 Ao.
1306 1983 1405 2031 1793.
1430 1996 1451 2019 a
1473 1989 1590 2032 prima
1612 1985 1672 2020 die
1696 1984 1775 2019 Au-

170 2043 283 2084 gusti,
317 2049 432 2086 usque
460 2043 498 2072 in
524 2037 579 2073 30.
603 2037 831 2072 Decembris.
867 2039 909 2072 In
936 2043 1139 2086 specierum
1170 2038 1386 2075 confusione
1415 2041 1512 2077 addo
1547 2042 1659 2086 illud,
1693 2052 1778 2075 eum

171 2093 218 2128 de
237 2106 309 2141 quo
331 2094 466 2142 loquor
492 2104 619 2130 exacte
644 2100 841 2131 convenire
868 2107 953 2129 cum
973 2096 1144 2130 Brissonii
1173 2096 1439 2146 descriptione,
1459 2100 1501 2134 T.
1517 2100 1573 2133 VI.
1589 2112 1621 2146 p.
1641 2099 1713 2143 187.
1742 2106 1777 2133 et

172 2148 286 2197 figura
318 2151 390 2186 tab.
428 2166 478 2199 17.
503 2152 560 2200 fig.
579 2165 610 2188 2.
644 2162 684 2188 ut
715 2152 808 2187 adeo
835 2163 950 2200 quum
978 2151 1038 2185 hic
1057 2151 1237 2200 allegetur
1266 2154 1313 2189 ad
1337 2161 1530 2199 naevium,
1561 2155 1624 2188 ille
1656 2160 1777 2202 potius

172 2206 288 2242 fuerit.
326 2208 512 2244 Tectrices
542 2209 683 2245 alarum
711 2209 859 2246 fasciam
888 2208 1198 2257 longitudinalem
1226 2210 1427 2249 formantes
1453 2210 1778 2259 nondum-nigrae
