2054 2748
170 168 218 196 IV
773 167 1174 198 PRAEFATIO.

172 249 333 307 utique
364 248 535 306 partim
566 263 692 293 nova
725 263 826 293 sese
859 249 1156 301 obtulerunt,
1188 250 1358 306 partim
1390 251 1596 308 penitius
1634 252 1692 296 ab
1720 266 1777 298 eo

173 314 365 371 cognita
379 323 424 356 et
438 314 677 371 explorata
694 325 812 358 sunt.
829 315 984 358 Pauca
996 325 1154 358 tamen
1172 330 1229 357 ex
1239 315 1396 358 multis
1414 316 1472 360 ab
1487 332 1543 360 eo
1557 317 1779 363 observa-

172 380 231 422 tis
250 378 436 436 publice
452 380 776 432 innotuerunt3
793 381 920 440 quod
938 382 1135 424 minime
1152 380 1326 423 mirum
1342 381 1580 426 videbitur
1597 384 1673 436 iis,
1697 385 1777 443 qui

172 444 327 487 virum
349 444 540 501 propius
567 454 748 487 norunt.
782 444 972 489 Solertis
998 447 1212 503 acrisque
1238 460 1423 502 semper
1447 447 1704 493 industriae
1732 459 1779 494 et

173 508 351 565 ingenii
368 508 569 566 impulsu
581 510 663 551 otii
677 510 872 553 minime
885 510 1190 568 patientis‚ab
1209 525 1304 553 uno
1319 510 1378 553 ad
1389 510 1779 571 alter-umpromte

174 572 384 629 quidem,
403 588 490 615 nec
504 582 662 615 tamen
676 588 732 616 eo
745 575 902 617 minus
916 575 1211 618 considerate
1224 576 1528 633 progrediens
1543 612 1551 630 ,
1565 579 1781 621 omnium

173 637 348 694 ubique
376 647 630 689 scrutator,
656 653 888 682 novorum
911 639 1316 683 observandorum
1345 641 1782 699 frequentissimam

174 703 477 744 occasionem
504 712 669 745 nactus
694 714 803 746 erat.
835 704 918 746 Illa
942 705 1210 758 observata,
1241 715 1471 764 quantum
1494 706 1644 759 licuit,
1676 708 1783 751 dili-

173 776 336 823 genter
363 768 546 824 scriptis
573 769 872 826 consignavit
889 805 898 821 ‚
922 770 1200 829 chartasque
1219 770 1388 828 quibus
1413 772 1682 824 mandavit,
1706 772 1783 817 vel

173 831 312 874 rebus
333 832 464 889 ipsis,
492 832 549 875 ad
580 848 693 890 quas
718 834 1018 891 spectabant,
1043 835 1091 877 in
1108 849 1274 878 museo
1293 837 1583 879 conservatis
1601 837 1782 890 adfixit,

173 895 249 938 vel
271 894 400 938 libris
425 910 502 938 eas
533 912 606 939 res
640 912 697 939 ex
727 898 942 955 professo
967 900 1276 943 tractantibus
1311 901 1518 944 inseruit.
1551 903 1697 958 Igitur
1733 903 1784 945 in

174 975 342 1003 museo
360 961 399 1017 ej
407 976 471 1013 us,
485 976 641 1004 rerum
655 963 939 1006 naturalium
951 965 1164 1007 omnium
1181 979 1456 1022 regnorum,
1474 980 1559 1023 pro
1576 966 1783 1010 hominis

176 1025 345 1082 privati
380 1026 681 1069 facultatibus
720 1028 993 1071 collectione
1026 1029 1391 1072 instructissima
1428 1030 1755 1089 ditissimaque
1773 1066 1784 1084 ,

176 1099 285 1131 sunt
301 1090 473 1147 oppido
488 1106 659 1149 pauca,
678 1106 796 1150 quae
817 1108 911 1136 non
928 1102 1007 1135 aut
1026 1108 1131 1136 suas
1152 1094 1253 1151 ipsa
1272 1094 1424 1137 ferant
1442 1095 1784 1153 descriptiones

175 1164 222 1197 et
239 1155 562 1200 adnotationes
580 1192 588 1208 ,
607 1167 686 1199 aut
704 1157 762 1199 ad
780 1156 1137 1201 luculentiorem
1155 1168 1201 1201 et
1214 1159 1489 1216 ampliorem
1516 1159 1788 1204 illustratio-

175 1234 287 1262 nem
311 1221 360 1262 in
385 1221 543 1278 aliquo
561 1221 875 1265 bibliothecae
898 1221 1016 1265 libro
1036 1232 1082 1265 et
1105 1223 1211 1266 loco
1231 1225 1509 1280 sepositam,
1533 1226 1786 1269 remittant.

174 1282 331 1325 Pauca
354 1285 402 1325 in
426 1285 735 1327 selectissima
760 1286 858 1341 ejus
881 1285 1168 1329 bibliotheca
1188 1288 1431 1330 volumina
1454 1299 1634 1341 extant⁷
1668 1304 1788 1348 quae

174 1361 270 1389 non
292 1346 475 1387 illarum
500 1346 888 1391 observationum
910 1348 1202 1400 aliarumque
1236 1350 1594 1391 adnotationum
1611 1353 1789 1407 largam

175 1409 383 1452 offerant
405 1418 634 1464 segetem,
653 1416 699 1450 et
715 1407 801 1450 rite
819 1414 1050 1463 acuteque
1067 1405 1266 1464 legentis
1284 1412 1569 1466 possessoris
1587 1415 1788 1472 vestigia

175 1483 447 1517 monstrent.

236 1538 394 1595 Quare
420 1538 575 1595 prouti
601 1538 649 1580 in
678 1538 777 1580 dles
807 1547 854 1581 et
877 1551 1026 1581 annos
1053 1552 1298 1597 corporum
1322 1542 1608 1586 naturalium
1635 1548 1787 1590 musei

177 1603 494 1661 librorumque
527 1602 841 1646 bibliothecae
874 1604 1154 1661 repositoria
1186 1605 1487 1650 increverunt
1506 1642 1515 1659 ,
1539 1622 1790 1655 creverunt

178 1667 394 1711 cumillis
420 1677 465 1711 et
490 1667 864 1720 observationes,
895 1669 1226 1713 adnotationes
1247 1671 1787 1733 animadversionesque.

179 1733 278 1776 Has
296 1747 409 1777 vero
427 1747 591 1775 omnes
611 1733 659 1775 in
677 1732 893 1776 ordinem
911 1733 1154 1790 digerendi
1171 1769 1179 1787 ,
1198 1744 1243 1778 et
1260 1735 1319 1777 ad
1336 1738 1630 1794 propositum
1650 1740 1789 1783 simul

179 1798 484 1856 perfectionis
513 1797 709 1855 gradum
738 1798 1028 1855 perducendi
1057 1799 1205 1841 otium
1223 1835 1232 1851 ⁷
1266 1810 1363 1842 tam
1392 1816 1549 1844 rerum
1580 1803 1790 1860 ipsarum

182 1863 318 1920 copia
337 1897 346 1914 ,
371 1876 511 1919 quam
543 1864 673 1906 varia
706 1863 1091 1923 diversorumque
1119 1879 1370 1907 munerum
1390 1866 1581 1922 publica
1604 1868 1761 1913 officia
1777 1906 1788 1923 ,

182 1938 232 1970 ut
256 1937 301 1970 et
318 1928 526 1984 privatae
546 1928 719 1970 multae
744 1938 790 1971 et
813 1942 840 1971 a
869 1928 1028 1971 multis
1052 1930 1329 1987 praeprimis
1354 1931 1496 1974 hodie
1520 1932 1788 1990 insignibus

184 1993 293 2035 viris
314 1992 604 2035 desideratae
622 1993 983 2048 praelectioneS,
1007 1995 1376 2052 praeripuerunt.

240 2050 393 2100 Prima
422 2058 549 2100 enim
580 2056 644 2099 illi
671 2058 745 2101 lex
767 2067 888 2109 erat,
915 2057 1074 2100 multis
1101 2060 1293 2117 quidem
1312 2061 1453 2104 nimis
1479 2076 1641 2105 severa
1664 2065 1788 2119 visa,

185 2136 280 2163 non
296 2122 385 2164 nisi
402 2123 461 2165 ad
476 2137 709 2165 summam
721 2123 948 2181 perducta
962 2122 1306 2180 perfectionem
1322 2126 1369 2167 in
1382 2125 1625 2182 publicum
1639 2130 1789 2174 edere.

186 2185 294 2229 Non
316 2188 426 2232 satis
456 2187 522 2231 illi
550 2189 728 2242 visum,
760 2203 833 2233 res
867 2188 1045 2233 oblatas
1076 2189 1221 2234 semel
1255 2200 1301 2234 et
1330 2190 1480 2236 obiter
1510 2192 1710 2247 intueri,
1743 2206 1788 2239 et
