2054 2748
824 157 1128 189 1³1SCEs.
1702 158 1787 213 525

250 240 364 275 Linea
393 238 553 275 lateralis
577 251 698 275 versus
726 238 915 277 abdomen
942 255 1130 289 convexa,
1153 248 1193 279 in
1218 256 1319 281 nono
1347 258 1580 294 squamarum
1606 251 1736 288 ordine
1762 268 1783 290 a

177 295 286 332 dorso
300 325 308 341 ,
331 303 370 331 in
389 306 518 344 quarto
534 309 554 332 a
573 303 686 345 pinna
704 297 865 333 ventrali.

248 355 312 388 Iris
339 352 576 388 solummodo
603 359 640 388 in
669 366 839 402 suprema
866 365 967 403 parte
996 355 1137 404 aliquid
1160 357 1260 393 rubri
1287 358 1407 395 habet.
1437 359 1618 409 Squamae
1640 374 1783 401 tantum

175 418 333 457 quatuor
358 409 603 458 irregulariter
623 416 661 445 in
685 421 843 459 utroque
870 411 980 447 latere
1002 424 1204 461 argenteae.
1241 416 1351 452 Unde
1378 422 1483 464 piscis
1506 420 1635 455 morbo
1656 422 1781 470 aliquo

173 470 223 500 ita
244 476 404 502 mutatus
424 467 575 503 videtur.
603 467 742 504 Habuit
766 480 914 517 quoque
936 475 1069 517 passim
1092 477 1277 508 cicatrices
1297 479 1435 521 nigras,
1455 487 1503 511 an
1520 488 1541 511 a
1559 485 1781 527 sanguisugis

173 535 221 558 an
244 522 398 560 lernaeis
421 524 578 562 relictas,

514 624 931 670 CYPRINUS
977 626 1235 672 SIMUS.
1279 628 1444 673 NobIs.

244 715 489 749 Commissum
509 715 743 750 maxillarum
761 721 912 752 sinuata.

241 772 372 806 Emtus
385 784 406 805 a
419 783 479 805 me
493 784 559 819 pro
576 773 718 807 theatro
733 779 944 808 anatomico
965 773 1064 820 1773.
1088 785 1134 808 ex
1149 785 1274 809 museo
1289 774 1544 822 NyeveltianO,
1558 775 1621 812 ubi
1641 785 1692 812 n.⁰
1700 776 1779 825 592.

168 832 322 862 nomine
341 827 493 876 harengi
512 835 666 877 pessime
686 829 956 865 denominatur.

239 883 409 920 Dorsalis
428 895 465 922 et
485 885 601 921 analis
617 892 730 934 pinna
749 887 1030 934 pauciradiatae.
1057 887 1224 922 Dorsum
1247 887 1400 924 fuscum.

539 983 948 1028 CYPRINUS
995 1020 1203 1027 ......
1248 986 1413 1028 Nobis.

238 1072 377 1106 Pinna
400 1068 537 1104 ancilis
552 1070 676 1104 radiis
689 1071 903 1104 duodecim
914 1097 926 1111 ,
943 1070 1136 1116 operculis
1151 1071 1363 1116 pellucidis
1372 1098 1385 1114 ,
1404 1083 1551 1107 cornea
1569 1084 1776 1121 argenteo-

167 1127 412 1220 magssrll‘tll‘igha
440 1188 619 1232 piscatore
648 1181 745 1230 1776.
769 1181 803 1217 d.
823 1182 854 1216 5.
877 1182 978 1227 Maji.
1007 1181 1295 1228 QuincuncialiS.
1331 1182 1456 1219 Cauda
1484 1183 1605 1221 bifida.
1631 1183 1775 1225 Cornea

164 1240 318 1277 maculis
338 1245 557 1289 punctisque
575 1243 691 1274 aureis
705 1248 742 1274 et
759 1244 947 1286 argenteis.
976 1238 1160 1287 Opercula
1180 1239 1343 1275 violacea
1361 1252 1538 1290 apparent
1551 1255 1571 1277 a
1586 1242 1775 1291 pellueen-

163 1298 259 1335 tibus
283 1297 475 1333 branchiis.
504 1297 669 1331 Dorsum
683 1308 869 1344 gryseum,
886 1294 1074 1331 abdomen
1088 1295 1342 1332 coerulescens
1355 1325 1364 1342 ,
1382 1298 1549 1334 maculae
1568 1301 1774 1337 nonnullae

162 1354 378 1404 irregulares
402 1360 440 1389 in
467 1353 591 1389 latere.
629 1353 801 1389 Ambitus
825 1364 1059 1401 squamarum
1086 1362 1290 1400 punctatus.
1326 1356 1439 1390 Linea
1464 1354 1623 1391 lateralis
1651 1369 1772 1394 versus

162 1411 333 1448 inferiora
352 1419 508 1445 arcuata.
535 1410 647 1444 Dors.
670 1422 719 1444 12.
735 1408 844 1444 fusca.
870 1410 970 1444 Pect.
990 1409 1040 1444 15.
1057 1408 1211 1457 pallens.
1231 1411 1356 1447 Ventr.
1371 1422 1403 1459 9.
1422 1411 1636 1450 subrubeus.
1660 1415 1770 1451 Anal.

167 1482 218 1504 12.
234 1468 343 1504 fusca.
373 1466 486 1502 Caud.
512 1477 562 1513 ¹9-
582 1464 692 1501 fusca.

601 1563 1015 1608 CYPRINUS
1063 1563 1340 1609 ORFUS.

233 1660 448 1699 Cnmmus,
477 1665 588 1702 quem
613 1659 811 1701 piscatores
838 1654 1167 1702 Argentoratenses
1186 1656 1387 1704 Bamberga
1416 1670 1453 1692 se
1475 1661 1638 1696 attulisse
1665 1663 1766 1700 dixe-

160 1724 267 1759 runt,
291 1722 328 1747 et
346 1716 492 1762 piscinis
518 1716 792 1758 imposuerunt,
820 1721 873 1746 est
899 1713 937 1745 C.
964 1711 1070 1746 orsus.
1098 1711 1239 1747 Urbani
1269 1725 1408 1748 nomen
1433 1714 1622 1752 dederunt.
1651 1721 1766 1759 Totus

158 1762 268 1807 ruber
286 1773 479 1818 praecipue
499 1767 608 1802 dorso
629 1777 666 1802 et
685 1772 806 1815 pinnis
819 1795 827 1811 ,
844 1777 969 1803 ventre
986 1768 1146 1803 albente.
1163 1770 1359 1817 Proportio
1375 1770 1448 1806 fere
1464 1779 1560 1818 nasi,
1576 1775 1638 1810 sed
1653 1779 1764 1824 paulo

158 1829 277 1864 latior.
304 1827 505 1872 Longiores
526 1836 675 1872 quoque
696 1837 806 1872 quam
827 1825 977 1873 pedales
1004 1825 1081 1860 dari
1101 1825 1283 1861 dixerunt.
1312 1829 1374 1861 Iris
1400 1840 1477 1863 non
1499 1829 1615 1865 rubra.
1653 1835 1764 1872 Linea

157 1882 316 1921 lateralis
337 1880 564 1916 descendens
583 1880 629 1915 ad
649 1880 866 1928 pollicarem
882 1894 901 1916 a
924 1881 1078 1916 ventrali
1100 1888 1211 1930 pinna
1233 1883 1462 1930 distantiam,
1485 1885 1570 1922 dein
1590 1900 1686 1925 recta
1709 1899 1762 1929 via

160 1942 208 1978 ad
227 1939 382 1976 caudam
409 1938 575 1974 tendens.
605 1937 788 1986 Squamae
811 1951 831 1973 a
855 1944 968 1987 pinna
998 1938 1094 1973 dorsi
1117 1939 1165 1974 ad
1191 1940 1391 1976 ventralem
1413 1944 1692 1990 quatuordecim
1715 1950 1763 1986 ad

184 1997 371 2034 uindecim
390 1995 572 2030 ordinum.
599 1995 712 2030 Dorsi
727 2001 839 2043 pinna
859 1995 970 2044 paulo
992 2005 1087 2030 retro
1112 1996 1313 2031 venir-alem
1330 2003 1457 2045 posita.

229 2055 338 2090 Dors.
358 2068 406 2087 11.
427 2053 526 2087 Pect.
552 2051 601 2087 15.
620 2053 745 2087 Ventr.
765 2064 894 2099 9-—1o.
915 2051 1023 2086 Anal.
1045 2066 1191 2088 11—12.
1216 2054 1330 2089 Caud.
1348 2068 1401 2089 21.

229 2111 324 2147 Mihi
347 2123 423 2144 non
446 2108 636 2145 videbatur
658 2109 757 2144 idem
776 2121 852 2144 esse
876 2121 961 2143 cum
989 2116 1155 2157 sequenti
1182 2123 1291 2158 quem
1312 2112 1380 2146 Ao.
1411 2112 1508 2158 1766.
1528 2113 1561 2147 d.
1586 2114 1641 2150 23.
1664 2116 1758 2154 Dec,

157 2172 380 2211 examinavi,
406 2172 467 2214 qui
487 2173 525 2202 in
541 2195 549 2203 .
564 2196 570 2202 .
586 2195 612 2202 ..
640 2177 766 2215 captus
790 2175 825 2201 et
846 2165 1084 2214 Spielmanno
1108 2166 1240 2202 allatus
1268 2178 1331 2204 est.
1360 2168 1503 2203 pedalis
1523 2181 1599 2205 erat
1613 2199 1621 2215 7
1642 2171 1760 2211 fulvus

156 2226 284 2272 dorso,
303 2234 426 2261 ventre
441 2223 527 2261 albo
541 2252 550 2271 ,
569 2230 729 2273 squamis
748 2224 834 2260 hine
855 2223 941 2259 inde
957 2229 1138 2272 argenteis
1152 2224 1359 2270 distinctus,
1375 2237 1459 2259 cum
1473 2225 1634 2275 reliquae
1650 2242 1773 2279 squa-·

1402 2282 1433 2316 Γι
1452 2295 1470 2316 Γ
