2054 2748
941 137 971 164 Α
1002 133 1033 165 V
1065 136 1090 163 Ε
1122 134 1154 163 S.
1768 142 1849 179 20¹7

612 217 1063 262 FRINGILLA
1119 217 1479 260 SERINUS.

316 299 437 332 Loxm
468 296 625 333 Serinus.
661 300 773 347 Scop.
799 299 908 334 Αηη.
937 298 1025 333 hist.
1048 308 1130 334 nac.
1158 302 1188 334 I.
1211 312 1249 346 p.
1284 304 1358 340 ¹40-

316 355 454 403 Utique
474 356 600 391 Loxia.
627 355 697 390 Ao.
727 367 825 403 ¹791-
855 355 888 390 d.
911 357 943 391 8.
970 356 1064 391 Nov.
1092 362 1258 401 circiter,
1284 355 1416 401 hyeme
1444 354 1552 391 valde
1581 355 1731 404 frigida,
1757 360 1848 395 mihi

244 409 364 446 allata.

409 492 869 535 FRINGILLA
914 492 1675 539 MONTIFRINGILLA.

311 584 423 620 APUD
450 597 517 619 nos
546 596 622 618 non
652 584 830 619 incubat:
865 585 1026 620 Advenit
1058 595 1259 630 autunum,
1288 585 1364 621 abit
1394 588 1529 622 Martio
1560 593 1638 623 sine
1666 588 1778 624 dubio
1812 594 1849 624 iu

241 647 407 688 regiones
428 640 640 687 frigidiores.
668 643 858 676 Immensis
878 642 1082 690 agminibus
1106 642 1243 678 decidit
1266 649 1304 677 in
1333 653 1465 679 terram
1485 644 1550 679 sub
1571 645 1677 693 fagis,
1697 656 1733 682 et
1750 646 1848 681 soliis

237 697 339 731 humi
357 702 473 731 stratis
493 710 529 732 se
549 703 731 746 immergit
752 709 876 734 erecto
894 705 1090 748 uropygio⁷
1114 699 1259 748 fagique
1278 699 1413 736 fructus
1430 708 1623 750 conquirit.
1652 705 1849 738 Pernoctat

236 759 275 788 in
293 754 472 789 abietibus
497 755 716 804 pinibusque
733 766 768 792 et
788 762 893 804 virgis
914 756 1097 792 deturbari
1117 767 1153 792 et
1172 757 1274 791 caedi
1289 767 1411 805 potest
1431 769 1558 805 noctu,
1580 770 1619 794 ut
1634 772 1741 795 mane
1757 770 1850 796 terra

236 810 307 845 illis
330 821 439 846 strata
462 817 671 859 reperiatur.

310 867 672 916 &Yeissenburgenses
690 869 891 905 Belzemetz
904 898 915 913 ,
944 871 1190 906 Bellammer
1208 880 1352 906 vocant.
1381 873 1422 905 In
1448 877 1604 919 pinnum
1627 879 1733 908 ramis
1758 873 1850 909 infe-

237 924 390 959 rioribus
425 935 707 973 pernoctantem
737 926 860 962 solent
889 927 1049 975 globulis
1077 940 1122 962 ex
1150 927 1305 975 siphone
1333 927 1459 961 efflatis
1491 935 1641 977 copiose
1671 931 1849 966 occidere.

236 980 347 1016 Unde
373 981 734 1028 WVeissenburgenses
760 992 796 1016 et
818 988 886 1018 ista
913 990 1238 1018 anemacontistica
1264 993 1340 1018 arte
1362 994 1397 1018 et
1415 984 1589 1032 siphones
1613 986 1660 1021 ad
1683 987 1720 1021 id
1742 997 1849 1036 aptos

235 1036 436 1072 fabricandi
459 1043 586 1085 peritia
610 1036 782 1073 celebres.

306 1096 480 1129 Januario
502 1103 538 1127 et
554 1093 750 1128 Februario
773 1100 812 1128 in
831 1108 913 1130 arva
931 1101 1117 1130 immensis
1136 1102 1287 1131 catervis
1307 1109 1344 1130 se
1366 1097 1577 1142 demittere,
1591 1099 1654 1133 sed
1671 1105 1743 1134 cito
1765 1113 1847 1136 eva-

233 1162 382 1186 nescere
406 1156 547 1199 scripsit
573 1149 890 1199 Schauenburgius
915 1151 964 1187 fil.
991 1151 1264 1198 Herlisloemio,
1290 1165 1406 1201 prope
1432 1153 1666 1190 Colmariam.

527 1255 989 1299 FRINGILLA
1047 1256 1333 1299 SUAVIS.
1395 1257 1558 1301 Nobis.

308 1346 734 1391 &nemo-flavescente
752 1347 906 1389 nicida,
924 1347 1026 1394 gula
1048 1347 1289 1394 arcubusque
1309 1349 1523 1392 coer-aleis,
1539 1352 1687 1385 vertice
1706 1355 1844 1387 crisso-

231 1414 309 1449 que
324 1403 580 1448 ferrugineis.

303 1459 360 1492 Le
384 1458 543 1492 Pirzeorz
570 1456 804 1492 dozccerezcx.

303 1516 361 1549 Ex
374 1512 649 1561 Tranquebaria
665 1513 791 1549 Indiae
809 1519 907 1548 misit
919 1515 940 1549 J
944 1513 1075 1549 ohnius
1088 1526 1154 1563 per
1166 1515 1387 1551 Rottlerum⁴
1408 1516 1476 1552 Ao.
1492 1518 1535 1553 V.
1563 1519 1708 1568 (1796.)
1737 1522 1843 1570 Mag-

230 1570 361 1606 nitudo
377 1569 557 1617 fringillae
575 1570 810 1606 domesticae.
833 1574 975 1619 Corpus
989 1570 1129 1620 aliquid
1147 1572 1433 1610 coerulescentis
1446 1581 1699 1613 intermixtum
1711 1578 1840 1626 habet,

232 1632 426 1676 praecipue
448 1626 646 1663 abdomen.

634 1715 1085 1758 FRINGILLA
1143 1716 1440 1762 SPINUS.

301 1798 487 1832 HABITAT
506 1796 605 1845 apud
620 1809 687 1832 nos
705 1802 743 1831 in
758 1796 909 1842 alnetis,
932 1797 1038 1844 (hinc
1056 1809 1195 1832 nomen
1212 1797 1485 1846 E1·len-Fc'nlt,)
1508 1798 1571 1834 ubi
1589 1800 1735 1837 auditur
1749 1815 1838 1839 voce

230 1853 410 1903 prioribus
434 1859 531 1889 sonis
559 1854 747 1890 celerrime
777 1865 814 1890 et
844 1854 1052 1890 brevissime
1077 1860 1260 1903 repetitis,
1285 1855 1416 1890 ultimo
1445 1856 1627 1904 producto
1657 1868 1693 1894 et
1719 1859 1838 1895 altiori

229 1910 334 1965 tsche
353 1911 454 1963 tsche
472 1912 574 1963 tsche
594 1912 694 1964 tsche’
714 1912 816 1964 tsche'
846 1927 928 1964 tsch
941 1920 962 1963 ἶ
976 1920 1022 1963 ii
1038 1920 1072 1972 i”;
1100 1927 1188 1963 hinc
1201 1934 1274 1964 avis
1290 1929 1511 1965 nostratibus
1523 1930 1836 1979 Scrumpfweber‚

231 1986 267 2021 le
293 1985 507 2020 Tisseraml
532 1985 581 2020 de
609 1985 702 2029 bas,
725 1985 906 2021 tibialium
933 1995 1054 2021 textor
1079 1985 1216 2031 dictus,
1246 1992 1328 2034 quia
1355 1997 1482 2022 cantus
1509 1994 1699 2037 strepitum
1730 1989 1836 2036 hujus

229 2042 372 2079 artificis
401 2047 571 2078 imitatur.
612 2044 729 2078 Domi
754 2043 855 2078 haud
886 2049 1025 2091 ingrate
1051 2042 1227 2078 cantillat.
1268 2044 1447 2079 Catenula
1474 2044 1622 2093 alligata
1647 2045 1768 2080 cibum
1796 2051 1836 2082 in

230 2098 382 2135 vasculis
400 2098 583 2134 attrahere
603 2099 718 2136 discit.
745 2100 864 2136 Nidus
879 2106 917 2135 in
936 2099 1019 2134 altis
1039 2098 1132 2134 alnis
1151 2099 1214 2135 diu
1233 2106 1428 2148 ignoratus.
1457 2105 1550 2137 Cum
1571 2101 1740 2137 carduele
1758 2102 1835 2137 foe-

230 2155 393 2190 cundum
410 2154 580 2190 sobolem
601 2167 780 2205 procreat.
808 2157 918 2195 Unde
932 2155 1121 2192 Buffonius
1141 2163 1264 2205 specie
1282 2165 1479 2194 convenire
1494 2159 1600 2202 dicit,
1623 2159 1682 2193 lV.
1702 2172 1737 2208 p.
1754 2160 1833 2197 225.

230 2224 276 2247 ex
296 2210 385 2247 falsa
408 2210 614 2259 hypothesi.
1519 2270 1543 2306 b

1476 2273 1503 2305 B
1570 2284 1590 2306 ε
