2054 2748
256 141 335 198 146
578 156 583 157 ⁷
623 144 1068 180 OBSERVATIONES
1101 145 1471 175 zooLooloAE.

323 235 572 285 Ilffaguicudo
599 234 800 283 Fuligulae.

325 294 573 331 Schneiderus
592 291 890 337 Bemerltungetz
910 287 1006 323 uber
1019 286 1305 323 einheimisclze
1328 287 1368 322 V
1365 286 1466 335 oegel
1479 289 1535 323 im
1549 287 1675 336 Leipz.
1695 289 1858 336 Magaz.

251 352 355 396 [1.S5.
387 366 423 400 p.
451 351 530 400 476.
556 356 755 398 suspicatur
779 359 854 382 esse
881 350 997 381 anatis
1022 345 1216 394 elangulae
1239 344 1394 394 pullum.
1430 346 1512 380 Nec
1534 345 1714 393 refragor,
1748 356 1862 393 quum

251 411 299 446 ad
327 415 397 445 oris
430 408 606 457 angulum
634 413 672 441 in
702 405 772 440 hac
801 403 1108 452 melanocephala
1134 402 1334 452 punctulae
1361 402 1468 438 albae
1496 412 1667 438 exortum
1696 401 1863 437 maculae

253 468 359 503 albae
379 467 426 503 ad
446 467 558 502 finem
582 470 652 499 oris
674 462 837 498 indicare
857 462 1058 498 videantur.
1085 463 1288 497 Maerterus
1307 461 1399 496 dixit
1422 472 1498 496 esse
1522 459 1781 496 Glaucionem.
1809 458 1861 495 Cf.

258 525 418 562 Tabula
440 535 530 559 mea
548 521 818 569 Affinicacum
843 519 1115 555 Animalium.
1140 533 1177 567 p.
1203 518 1278 556 161.

596 633 807 677 ANAS
859 631 1301 675 TESTACEA.
1361 630 1521 675 Nobis.

326 734 586 772 Subcestacea
598 760 610 776 ,
631 731 710 766 alis
725 729 987 766 albidioribus
998 758 1011 773 ,
1026 729 1238 778 remigibus
1252 737 1428 777 quatuor
1436 727 1715 776 posceriorcbus
1729 739 1867 762 secun-

255 794 378 828 dariis
398 790 715 827 lacero-demtis.

327 847 549 898 Magnitudo
572 845 777 882 bosehadis.
806 846 864 880 Ex
881 844 1067 880 Rastattia.

773 956 983 999 ANAS
1028 955 1351 1000 RUFINA.

330 1054 476 1088 Fronte
498 1052 724 1098 verticeque
744 1051 939 1091 cristatis,
973 1056 1094 1083 rostro
1124 1046 1261 1089 rubro,
1288 1044 1394 1080 collo
1425 1045 1636 1092 capiteque
1663 1045 1868 1087 testaceis,

256 1119 412 1158 pectore
434 1110 705 1154 uropygioque
727 1108 873 1153 nigris,
892 1104 1066 1138 humeris
1085 1103 1324 1151 speculoque
1343 1102 1506 1137 alarum
1523 1100 1638 1136 albis.

332 1165 548 1213 Speculum
576 1173 613 1198 et
634 1162 729 1198 alae
756 1161 882 1197 subtus
910 1159 1134 1196 rufeseentes
1157 1159 1274 1194 albae.
1300 1160 1477 1194 Dorsum
1499 1164 1701 1194 vinaceum.
1729 1157 1766 1191 A
1785 1156 1873 1193 colli

258 1223 436 1257 inferioris
462 1230 648 1269 postrema
676 1228 779 1267 parte
807 1217 973 1252 aseendit
995 1216 1093 1252 linea
1120 1222 1232 1264 nigra.
1259 1216 1385 1251 Pedes
1410 1215 1508 1264 (non
1526 1214 1784 1262 membranae)
1808 1214 1874 1249 ali-

259 1279 349 1327 quid
369 1278 532 1314 rubentis
553 1275 722 1312 habuisse
743 1275 920 1312 videntur.

332 1337 403 1373 Ao.
427 1336 528 1380 1788.
548 1334 672 1369 medio
692 1335 828 1369 Martio
856 1341 963 1380 capta
981 1330 1029 1366 ad
1054 1330 1280 1365 Rastattiam.
1307 1330 1431 1364 Etiam
1449 1328 1549 1377 apud
1567 1340 1645 1363 nos.
1667 1327 1877 1363 Pallasius

260 1391 382 1428 Nord.
404 1391 599 1436 Beycriige
620 1390 698 1423 III.
719 1401 754 1436 p.
775 1401 826 1423 12.
846 1397 883 1422 et
902 1386 1088 1433 Spicileg.
1110 1385 1280 1430 Zoolog.
1294 1385 1393 1419 Vers.
1413 1396 1523 1431 germ.
1542 1386 1601 1418 VL
1623 1397 1658 1432 p.
1675 1391 1731 1426 40.
1751 1384 1823 1419 tab.
1843 1385 1873 1420 5.

260 1460 379 1483 raram
404 1445 599 1494 praedicat.

338 1503 537 1538 character
556 1501 675 1535 lineae
697 1498 802 1535 albae
824 1511 931 1547 supra
955 1496 1083 1532 oculos
1101 1509 1180 1532 non
1200 1502 1239 1531 in
1261 1495 1418 1543 femina,
1438 1496 1504 1532 sed
1521 1496 1714 1545 speculum
1735 1496 1877 1533 alarum

263 1560 397 1605 viride,
421 1570 589 1607 apexque
619 1562 812 1593 tectricum
834 1554 951 1590 infimi
979 1554 1136 1599 ordinis,
1163 1559 1418 1603 remigumque
1445 1554 1744 1590 secundariarum
1771 1554 1877 1591 albus

263 1625 303 1654 in
323 1627 481 1664 utroque
500 1627 598 1650 sexu.
629 1614 810 1662 (Anatem
829 1610 1201 1660 erythroceplialam
1223 1620 1309 1647 ante
1328 1610 1478 1647 Pallasii
1500 1610 1785 1659 descriptionem
1810 1624 1877 1647 no-

264 1680 465 1712 minaverat
492 1672 666 1719 Auctor.)

740 1782 949 1827 ANAS
1000 1780 1383 1826 BOSCHAS.

314 1885 533 1922 Rncwmcns
547 1888 685 1933 viginti.
711 1881 956 1929 Labyrinthus
980 1879 1152 1916 tracheae
1174 1888 1318 1915 tantum
1337 1883 1439 1914 mari.

316 1945 358 1978 In
374 1948 496 1978 cranio
512 1940 767 1977 memorabilia
782 1943 971 1989 sequentia
982 1937 1148 1974 observo.
1160 1937 1221 1972 Ad
1230 1942 1373 1986 apicem
1388 1939 1495 1971 rostri
1511 1933 1691 1983 plurimae
1704 1933 1879 1981 faveolae5

269 1999 469 2036 videndum
487 2012 535 2034 an
556 2004 657 2036 nervi
678 1997 764 2033 inde
782 2004 991 2044 emergant,
1006 2004 1043 2030 et
1056 2000 1095 2030 in
1113 2006 1276 2042 ungu-em
1293 1999 1399 2030 rostri
1415 1991 1676 2028 diffundantur.
1705 1990 1880 2027 Substan-

270 2063 320 2092 tia
340 2063 443 2106 quasi
466 2056 649 2102 calcarea,
670 2054 866 2104 granulosa
888 2063 993 2088 extus
1015 2058 1148 2102 passim
1171 2052 1341 2100 dispersa.
1368 2053 1457 2087 Non
1476 2049 1620 2086 videtur
1632 2055 1881 2098 praeparatio-

270 2121 326 2149 nis
345 2113 459 2148 modo
481 2123 578 2159 orta,
601 2119 685 2161 quia
705 2118 845 2162 saepius
866 2116 951 2146 satis
973 2115 1214 2156 symmetrica.
1241 2108 1442 2156 Eleganter
1466 2106 1668 2156 perforatus
1690 2112 1827 2154 paries,
1852 2112 1887 2142 si

270 2177 404 2206 cavitas
422 2182 488 2220 per
511 2169 707 2219 occipitale
732 2169 899 2204 foramen
927 2163 1153 2216 inspiciaturss
1184 2166 1294 2201 Duae
1312 2165 1480 2201 soveolae
1503 2164 1720 2213 glenoideae
1742 2170 1781 2199 in
1801 2176 1881 2199 osse

271 2227 403 2264 lineari
428 2228 557 2265 baseos
587 2233 708 2264 cranii.
747 2227 848 2275 Quid
874 2236 928 2262 est
951 2225 1055 2274 quod
1082 2236 1168 2261 cum
1190 2222 1263 2260 illis
1286 2221 1529 2260 articulatur?
1565 2221 1627 2258 Ad
1652 2227 1760 2258 rostri
1779 2220 1881 2258 basin
