2054 2748
776 175 1180 206 MAMMALIA.
1717 171 1772 222 49

174 263 351 298 hammeri
372 270 458 297 ante
477 269 622 310 portam
641 260 832 296 lanionum
847 287 856 304 ,
878 258 962 293 loco
983 260 1029 294 ab
1048 264 1150 293 omni
1168 256 1396 306 sterquilinio
1413 266 1449 292 et
1467 257 1598 293 horreo
1617 271 1770 297 remoto⁸

175 321 301 366 Quum
327 332 365 354 se
384 325 423 353 in
447 318 610 367 periculo
637 317 794 363 videret,
813 325 1012 363 antequam
1039 316 1201 351 feriretur
1226 320 1356 360 etiam,
1375 320 1623 350 acutissimum
1640 330 1773 353 sonum

175 376 299 411 edidit.

244 434 380 466 Iterum
394 432 462 466 Ao.
479 432 508 466 5.
531 432 654 479 (1797.
670 428 862 476 Januario)
882 440 927 463 ex
941 427 1048 462 Valle
1062 441 1173 476 rupea
1191 436 1339 475 missus,
1355 439 1391 465 et
1407 428 1519 477 paulo
1540 438 1625 478 post
1645 435 1682 463 in
1697 436 1771 478 ipsa

172 487 261 523 urbe
281 488 372 523 alius
392 499 527 536 captus

247 547 402 581 Insertus
422 542 622 580 Sclzoeheri
640 540 858 576 Mammal.
886 540 983 576 Tab.
1006 540 1146 576 CLIX.
1162 542 1207 577 B.

461 666 727 712 SOREX
771 665 1244 710 LEUCODON.
1304 665 1463 710 Nobis.

243 778 524 814 Acrocinereus
535 805 546 821 ,
566 776 703 812 subcus
722 776 904 819 albidus,
935 776 1168 812 incisor-ibus
1187 775 1394 819 candidis,
1424 773 1559 810 cauda
1585 778 1695 811 tereti
1715 778 1775 824 pi-

172 835 322 870 losiore.

243 892 360 926 Sorex
380 890 441 925 hic
463 904 484 926 a
503 891 579 925 Dn.
602 890 688 925 Gall
708 890 778 925 Ao.
804 891 902 937 1778.
922 889 1059 925 ultimis
1078 889 1248 925 Octobris
1263 889 1391 924 diebus
1413 898 1496 937 post
1515 900 1704 923 enormem
1718 895 1776 923 in-

170 947 412 982 undationem
433 953 470 981 in
486 952 657 981 extremis
671 945 767 980 urbis
787 946 1104 982 fortificationibus
1120 953 1218 983 vivus
1238 955 1374 994 captus.
1400 947 1525 980 Minor
1545 944 1580 979 S.
1600 951 1778 981 carinatm

171 1003 306 1039 Subtus
326 1010 439 1050 magis
466 1003 654 1038 candidus.

240 1062 392 1095 Dentes
417 1065 591 1095 incisores
619 1059 838 1103 albissimi,
870 1072 948 1094 non
975 1069 1015 1095 ut
1040 1059 1275 1108 praecedenti
1299 1058 1465 1094 brunnei.
1494 1056 1642 1092 Albedo
1662 1069 1778 1106 usque

169 1116 216 1152 ad
231 1117 360 1151 oculos
378 1117 580 1151 ascendens
593 1145 600 1162 ‚
615 1116 851 1165 praecedenti
865 1122 1048 1164 nIgricans
1064 1116 1169 1151 color
1181 1116 1248 1151 sub
1262 1115 1389 1151 oculos
1401 1127 1516 1163 usque
1530 1120 1775 1149 continuatur.

241 1173 465 1207 Aurieultze
479 1173 699 1208 rotundatae
712 1202 720 1218 ,
734 1173 768 1207 S.
784 1178 946 1208 carinato
963 1172 1059 1208 linea
1073 1179 1176 1222 quasi
1191 1183 1289 1208 recta
1305 1177 1444 1221 postice
1460 1171 1645 1206 abscissae.
1663 1170 1777 1205 Color

169 1235 349 1276 nigricans
370 1230 498 1264 itidem
515 1239 555 1264 ut
573 1235 611 1263 in
631 1235 793 1264 carinato
820 1242 883 1276 per
905 1229 1080 1263 humeros
1099 1240 1135 1263 et
1157 1229 1295 1263 femora
1317 1228 1553 1262 descendens.

241 1286 368 1319 Pedes
389 1286 548 1331 pallidi.
574 1287 708 1331 Digiti
729 1290 903 1331 quinque.
934 1285 1073 1318 Cazeda
1100 1297 1206 1330 supra
1231 1289 1434 1329 nigricans,
1465 1282 1590 1315 subtus
1618 1281 1775 1328 pallida,

169 1342 233 1378 sed
246 1347 365 1375 minus
380 1340 536 1375 candida
556 1353 665 1387 quam
686 1350 820 1375 venter.
847 1340 916 1374 Pili
933 1341 1007 1383 ejus
1021 1339 1174 1383 hyberni
1192 1344 1279 1379 rari,
1298 1338 1489 1379 distantes,
1508 1336 1673 1370 bilineari
1693 1337 1776 1371 lon-

168 1397 342 1445 gitudine.
370 1396 500 1427 Forma
522 1393 662 1426 caudae
689 1400 781 1425 teres
795 1418 803 1434 ,
824 1391 902 1425 basi
922 1389 1210 1435 subcoiistucta,
1232 1389 1357 1424 subtus
1378 1390 1588 1425 nullatenus
1606 1398 1774 1428 carinata.

166 1450 376 1500 Longitudo
394 1450 469 1496 ejus
485 1448 661 1483 tredecim
684 1447 874 1482 linearum.

238 1509 425 1543 Distantia
451 1505 498 1540 ab
529 1504 645 1539 oculis
673 1504 721 1540 ad
746 1509 890 1553 apicem
908 1508 985 1538 nasi
1008 1509 1171 1552 quinque
1200 1502 1379 1538 linearum
1405 1513 1442 1538 et
1462 1503 1645 1539 dimidiae.
1672 1505 1776 1541 Odor

167 1565 297 1600 radicis
316 1562 530 1611 peucedani.

240 1621 359 1667 Digiti
376 1618 487 1667 paulo
503 1623 693 1653 crassiores
707 1646 715 1663 ⁷
736 1629 948 1665 unguesque
962 1616 1144 1651 breviores
1160 1629 1271 1664 quam
1293 1622 1329 1650 in
1349 1617 1384 1652 S.
1400 1627 1635 1666 tetragonum
1650 1647 1657 1665 ,
1677 1620 1776 1655 oculi

168 1676 280 1726 paulo
300 1676 465 1721 majores.
492 1674 552 1709 Ob
573 1674 700 1709 dentes
722 1674 926 1709 albissimos
948 1673 1225 1707 leucodoncem
1245 1679 1381 1708 vocavi.

239 1732 341 1767 Idem
367 1730 459 1764 mihi
488 1733 586 1776 1781.
607 1731 643 1765 d.
670 1744 719 1765 10.
740 1732 895 1778 Augusti
919 1729 1051 1764 allatus
1080 1742 1126 1763 ex
1154 1729 1327 1765 suburbio
1348 1731 1652 1779 Argentoratensi
1673 1734 1774 1782 quod

169 1787 325 1825 Neuhof
340 1797 508 1830 vocatur,
527 1786 656 1820 iisdem
677 1786 866 1830 dentibus,
887 1785 1015 1820 iisdem
1036 1785 1174 1820 caudae
1195 1786 1288 1834 pilis.

242 1843 432 1880 Seltreber
446 1842 664 1878 Μαιηνηαί.
688 1842 783 1877 Tab.
806 1843 947 1876 CLIX.
968 1843 1018 1876 D.

245 2071 368 2106 Sos-ex
384 2082 548 2118 superne
569 2070 766 2115 rufescens
777 2097 789 2113 ‚
804 2071 958 2116 inferne
975 2072 1174 2113 cinereus,
1191 2071 1381 2107 auriculis
1395 2071 1769 2121 longitudimzlc'bus,

171 2128 306 2161 cauda
325 2131 463 2162 terciae
478 2129 614 2174 parcis.
642 2129 791 2162 Dentes
810 2127 904 2162 albi.

243 2185 312 2217 Ao.
334 2186 431 2229 1778.
450 2183 653 2218 Novembri
671 2183 814 2219 allatus.

244 2239 304 2272 An
326 2239 361 2273 S.
380 2241 556 2275 araneus?
584 2240 657 2275 Sed
677 2240 782 2275 color
800 2240 897 2288 apud
918 2239 1162 2276 Scin-cherum
1184 2254 1263 2277 non
1284 2242 1490 2290 respondet.

1495 2297 1530 2330 G
