2054 2748
884 141 1097 173 AVES.
1714 142 1783 169 121

258 233 406 280 Magna.
432 229 722 279 Magniczcdine
740 229 813 264 fere
833 226 1002 263 bubonis.
1030 229 1119 263 Non
1137 235 1191 262 est
1209 235 1359 272 nyctea‚
1382 233 1422 259 ut
1447 224 1492 258 ab
1512 230 1615 259 initio
1641 223 1789 259 credidi.

186 290 284 325 Nam
303 301 425 336 neque
447 300 581 336 magna
602 293 706 332 satis,
730 297 849 334 neque
867 284 949 319 alba
975 295 1038 319 est.

256 345 444 379 Rostrum
466 345 619 390 flavum,
638 354 722 392 post
739 352 896 378 mortem
914 341 1100 384 albidum3
1120 339 1334 375 mandibula
1354 337 1523 373 inferiore
1543 348 1625 385 post
1648 344 1792 386 apicem

186 407 420 449 emarginata.
461 402 579 436 Oculi
600 413 666 450 pro
688 400 788 435 mole
816 403 978 446 corporis
1002 403 1160 431 minores
1184 409 1293 445 quain
1318 402 1355 430 in
1379 395 1478 439 alii53
1504 394 1666 429 trictibus
1686 401 1790 440 atris,

183 464 348 506 margine
370 458 553 507 profunde
581 456 770 492 coeruleis.
796 457 965 490 Pennae
988 464 1152 489 setaceae
1179 455 1342 501 capismi
1369 452 1498 497 albae,
1524 463 1635 500 scapo
1666 457 1792 498 nigro:

183 526 392 550 recurvatae
416 522 539 563 nigrae
552 542 560 558 ,
579 513 723 548 macula
743 512 827 547 alba
849 525 923 546 una
941 511 987 546 ad
1007 511 1129 555 basin,
1154 510 1294 545 duabus
1313 509 1359 544 ad
1380 515 1531 558 apicem.

260 573 400 607 Gauda
420 572 553 618 longa,
579 569 869 614 semirhombea,
893 569 966 603 fere
985 578 1025 604 ut
1051 573 1089 602 in
1119 580 1229 602 corvo
1257 579 1407 609 corace,
1433 565 1643 600 rectricibus
1671 564 1791 599 trede-

184 634 273 673 cim,
293 634 416 663 nescio
445 640 493 662 an
522 640 594 662 una
623 627 818 662 deficiente
834 654 843 672 ,
868 640 915 661 an
946 639 1019 661 una
1051 628 1388 673 supernumeraria;
1410 623 1515 671 (cum
1541 635 1626 658 cura
1651 626 1793 670 saepius

183 690 390 729 numeravi,
418 696 539 732 neque
559 684 840 732 quatuordecim
862 694 901 718 ut
921 683 1011 718 olim
1033 681 1180 730 reperi.)

258 741 473 775 Tar-sorum
493 741 641 789 plumae
659 747 806 785 niveae,
829 739 1095 775 immaculatae.

258 797 499 844 Amplitudo
514 797 657 832 volatus
679 803 787 832 trium
809 798 946 846 pedum
967 806 1001 832 et
1016 807 1151 831 novem
1173 793 1364 843 pollicum.
1392 793 1622 840 Longz'cudo
1641 806 1660 827 3
1675 802 1792 827 rostro

181 853 229 888 ad
251 855 388 888 caudae
416 860 685 889 extremitatem
712 860 817 889 unius
848 855 950 902 pedis
973 866 1057 889 cum
1077 865 1213 888 novem
1234 851 1441 900 pollicibus.
1478 849 1617 884 Gauda
1637 849 1793 897 pedibus

182 916 338 945 extensis
358 910 505 957 longior
523 910 597 945 Fere
618 911 772 946 dimidio
793 911 896 958 pede.

253 967 382 1002 Nares
409 967 622 1001 membrana
650 973 871 1001 semitectae.
914 966 1032 1001 Oculi
1058 975 1143 1000 octo
1173 964 1356 998 linearum
1384 962 1576 997 diametro.
1620 962 1737 996 Color
1756 967 1794 997 in

181 1028 389 1057 universum
410 1022 524 1057 albus.
539 1023 707 1058 Petznae
721 1023 844 1058 medio
868 1022 999 1058 fuscae.
1025 1022 1211 1069 Remiges
1225 1025 1354 1068 viginti
1374 1029 1462 1063 tres,
1482 1024 1667 1063 cinereae,
1686 1031 1793 1066 supra

181 1089 218 1114 et
238 1079 330 1114 infra
351 1080 467 1114 fasciis
485 1079 560 1115 fere
584 1079 700 1115 fuscis.
731 1081 871 1127 Quarta
889 1090 926 1115 et
951 1085 1078 1128 quinta
1102 1078 1346 1125 longissimae.
1372 1078 1493 1112 Prima
1520 1085 1559 1111 ut
1578 1081 1617 1111 in
1647 1075 1794 1124 reliquis

180 1136 370 1184 speciebus
393 1146 537 1171 serrata.

255 1193 452 1227 Reccrices
469 1192 653 1241 longiores
673 1205 782 1242 quam
802 1198 838 1227 in
858 1192 937 1228 aliis
957 1198 1071 1237 visae,
1086 1191 1253 1226 similiter
1271 1191 1451 1226 fasciatae.
1479 1191 1613 1225 Fasciis
1629 1195 1793 1237 quinque

180 1260 339 1286 saturate
364 1255 536 1294 cinereis,
562 1256 659 1297 puris
675 1278 683 1293 ,
711 1255 733 1284 i.
754 1262 783 1284 e.
812 1262 890 1283 non
917 1247 1108 1282 maculatis
1137 1257 1201 1282 aut
1223 1252 1440 1294 interruptis.
1469 1246 1633 1280 Caudam
1658 1251 1794 1280 consti-

181 1316 292 1341 tuunt
315 1305 389 1340 fere
412 1315 626 1350 cuneatam‚
650 1315 713 1340 aut
737 1305 999 1349 rotundatam,
1024 1314 1087 1338 aut
1117 1308 1238 1351 potius
1266 1302 1588 1338 semirhombeam.
1626 1302 1795 1349 Cupiscti

181 1374 326 1410 pennae
354 1371 564 1395 recurvatae
589 1367 880 1405 sunt‘guttatae,
905 1366 1045 1404 nigrae,
1074 1359 1220 1392 macula
1240 1372 1312 1392 una
1332 1359 1529 1392 rotundata
1551 1357 1635 1392 alba
1654 1363 1691 1392 in
1717 1371 1792 1392 uno

179 1423 363 1465 margine,
390 1415 530 1451 duabus
552 1421 591 1450 in
608 1414 735 1450 altero.

259 1473 399 1509 Tibiae
423 1472 529 1507 albae
558 1471 837 1515 immaculatae3
860 1472 958 1505 cami
980 1469 1125 1515 villosi,
1149 1468 1246 1515 albi,
1264 1469 1311 1504 ad
1333 1482 1448 1518 usque
1467 1475 1611 1518 apicem
1633 1469 1708 1504 sere
1726 1484 1794 1506 un·

181 1537 306 1580 guium
319 1559 328 1576 ,
352 1529 513 1578 papillae
534 1535 573 1564 in
593 1529 712 1577 digitis
731 1528 855 1564 subtus
875 1527 1004 1562 luteae.

255 1587 326 1622 Ao.
352 1592 450 1634 1774.
467 1586 501 1621 d.
521 1600 572 1634 17.
592 1587 685 1620 Dec.
705 1591 844 1627 occisa3
864 1583 911 1619 ab
930 1589 1034 1618 initio
1053 1582 1151 1631 apud
1168 1582 1431 1618 Schwenkium
1444 1583 1629 1620 Abbatem
1643 1595 1793 1631 servata,

180 1655 264 1694 post
285 1645 360 1690 ejus
380 1652 538 1678 mortem
559 1655 579 1677 a
600 1642 833 1677 Giinzrothio
858 1650 966 1675 emta.
997 1642 1068 1674 Ao.
1089 1642 1120 1675 8.
1142 1653 1223 1675 mea
1246 1640 1350 1676 sacta.

254 1699 424 1735 Bucalin
443 1703 590 1743 vocavi,
611 1710 705 1746 quae
729 1710 802 1734 vox
827 1696 926 1745 apud
945 1696 1153 1732 Phaedrum
1177 1704 1362 1746 occurrit,
1383 1708 1419 1735 et
1442 1709 1664 1735 nocturnam
1688 1712 1793 1736 avem

181 1756 371 1806 significat.

257 1812 474 1848 Grimazcld
491 1817 641 1860 antiqua
665 1810 798 1858 gallica
820 1823 914 1856 vox,
934 1820 1110 1846 noctuam
1134 1811 1351 1860 significans

251 1869 460 1906 Masshuw
476 1869 575 1917 apud
593 1868 800 1903 Gesnerum
820 1873 989 1903 occurrit.

258 1926 470 1961 Aluconem
489 1932 563 1961 sive
582 1925 741 1961 Buffonii
762 1925 910 1960 Haloce
929 1938 1023 1971 esse,
1041 1934 1138 1961 vetat
1156 1925 1371 1974 magnitudo
1393 1928 1530 1973 major,
1549 1926 1657 1962 color
1677 1927 1791 1964 diver-

181 1998 239 2021 sus
257 1984 376 2029 i1·idi5‚
401 1989 597 2032 capistrum
612 2011 621 2028 ‚
646 1983 757 2031 pedes
778 1982 1013 2017 immaculati.

254 2043 361 2076 Hanc
380 2046 496 2089 ipsam
515 2052 624 2089 saepe
646 2045 686 2074 in
705 2040 855 2074 Ducatu
880 2039 1212 2088 Mecklenburgico
1235 2052 1447 2086 occurrere,
1467 2046 1574 2076 ctiam
1598 2042 1789 2086 majorem,

183 2103 319 2144 exiguis
341 2097 511 2132 auriculis
530 2103 743 2132 instructam
759 2125 767 2141 ‚
793 2102 1008 2131 asseveravit
1031 2096 1120 2131 mihi
1139 2098 1216 2132 Du.
1238 2097 1405 2145 Ansberg
1436 2100 1532 2145 1781.
1552 2109 1659 2145 quam
1681 2102 1790 2131 ctiam

182 2168 201 2189 a
218 2167 254 2189 se
276 2160 433 2189 occisam
453 2165 489 2190 et
509 2160 548 2189 in
566 2156 714 2202 Vogeso
734 2166 812 2189 non
827 2165 946 2190 raram
960 2164 1037 2188 esse
1058 2153 1182 2191 retulit
1204 2153 1445 2201 Solu-merus,
1465 2165 1588 2202 pastor
1607 2159 1645 2188 in
1667 2151 1790 2189 Schil-

181 2210 340 2246 lersdorf
355 2223 470 2259 prope
488 2211 729 2249 Buxovillam⁰
