2054 2748
278 166 358 214 240
667 155 1159 192 OBSERVATIONES
1191 154 1569 185 ZOOLOGICAE.

349 254 485 290 Parvus
503 256 612 287 etiam
633 248 748 285 adfuit
767 246 911 283 inflatus
935 253 971 279 et
986 248 1138 292 pinguis.
1165 244 1302 276 Vorata
1324 239 1570 289 scolopendra
1591 238 1789 284 mediocri,
1807 251 1886 274 non

276 318 354 348 sine
369 317 471 355 nisu,
492 320 527 344 et
547 321 619 343 una
640 318 759 341 musca
775 330 784 348 ,
811 314 886 337 sese.
908 300 1056 336 defodit.
1085 299 1232 335 Medius
1251 308 1334 347 post
1353 310 1486 346 paucas
1506 296 1614 332 horas
1636 309 1755 331 rursus
1774 308 1887 344 appa-

277 375 349 404 ruit
369 378 404 403 et
428 366 557 415 glebae
582 364 721 399 insedit.
753 361 847 396 Mox
865 363 995 395 voratis
1014 362 1091 392 sine
1115 356 1228 392 dubio
1253 361 1385 391 oniscis
1403 360 1466 404 qui
1487 359 1628 402 copiosi
1645 360 1683 390 in
1700 359 1793 391 vitro
1814 353 1885 388 dis-

279 425 495 467 currebant,
524 426 678 457 evanuit.

353 485 435 518 Jam
468 490 594 513 omnes
625 476 812 510 latuerunt
826 502 835 519 ,
859 485 929 508 nec
956 471 1054 507 ullus
1077 476 1170 507 visus
1189 483 1305 521 usque
1327 475 1365 506 in
1395 485 1422 506 1.
1439 470 1538 519 Sept.
1558 469 1620 505 ubi
1639 469 1748 505 effusa
1774 469 1892 518 pridie

281 552 375 588 aqua
396 540 560 585 apparuit
580 532 742 575 medius,
757 529 940 578 simulque
955 542 1084 578 parvus
1104 530 1212 564 simul
1230 529 1277 565 ab
1290 529 1357 564 illo
1373 529 1595 563 exturbatus.
1622 526 1749 562 Obtuli
1771 526 1892 574 plures

280 595 410 638 simul,
445 597 538 626 circa
567 589 809 638 quadraginta
831 591 1000 631 oniScOS,
1028 598 1185 635 quorum
1217 586 1347 622 decem
1376 591 1520 621 circiter
1548 597 1626 619 non
1652 583 1759 620 valde
1787 583 1892 618 avide

281 657 436 694 voratis,
468 660 588 683 rursus
615 659 653 681 se
682 644 834 681 defodit.
860 645 995 678 Parvus
1015 643 1222 696 airaliquid
1251 643 1323 679 cibi
1348 648 1486 691 ceperit
1514 648 1658 689 ignoro.
1684 639 1788 676 Nihil
1809 639 1893 676 vidi.

284 710 438 757 Aliquot
459 705 559 739 horis
583 713 666 752 post
686 714 805 738 rursus
828 700 963 744 adfuit,
989 699 1052 734 sed
1075 712 1164 734 mox
1179 705 1310 734 iterum
1326 712 1362 734 se
1381 698 1625 734 abscondidit.

355 766 405 800 D.
428 766 458 798 8.
476 762 575 810 Sept.
596 760 712 795 adfuit
731 768 884 806 uterque
904 757 1021 801 major
1042 766 1077 791 et
1099 756 1253 792 medius.
1281 758 1373 791 Dati
1393 756 1537 804 aliquot
1560 760 1687 789 onisci.

357 822 408 857 D.
430 821 479 856 13.
494 819 593 867 Sept.
618 829 737 852 rursus
753 825 907 863 uterque
926 812 1062 857 adsuit,
1083 823 1118 848 et
1137 813 1184 848 ad
1199 813 1370 848 ultimum
1389 818 1500 847 etiam
1520 817 1651 845 minor.
1677 812 1813 856 Ingessi
1828 821 1896 843 nu-

284 890 449 918 merosos
471 882 617 911 oniscos
646 880 682 909 in
711 879 844 909 vitrum
866 871 914 905 ad
941 880 1091 905 centum
1112 869 1197 904 fere,
1226 871 1276 904 Hi
1298 869 1393 904 adeo
1413 868 1568 903 bufones
1590 866 1836 910 obsederunt,
1858 874 1899 899 ut

284 937 380 972 alter
395 941 468 969 cito
485 933 552 968 sub
574 942 707 968 terram
721 943 759 964 se
780 927 1004 964 defodiendo
1018 927 1176 962 salutem
1199 931 1436 975 quaesiverit,
1455 924 1548 960 alter
1562 929 1665 973 quasi
1678 921 1900 971 stupefactus

286 1002 411 1027 erecto
435 1001 589 1037 corpore
610 998 646 1022 et
669 992 788 1034 capite
810 983 1106 1033 perpendiculari
1132 989 1272 1018 steterit
1295 993 1394 1018 totus
1417 981 1582 1027 undique
1604 985 1737 1014 oniscis
1752 978 1900 1013 obsitus.

287 1048 460 1084 Tandem
482 1045 636 1093 pedibus
664 1052 843 1090 quantum
873 1044 994 1088 potuit
1017 1039 1202 1084 abstersit,
1226 1039 1370 1087 aliquot
1395 1036 1691 1084 etiam‘liguriit,
1718 1044 1757 1069 ut
1777 1044 1902 1069 tamen

286 1116 439 1153 quoque
457 1108 640 1135 incassum
661 1098 858 1145 aliquoties
880 1095 1045 1141 linguam
1064 1095 1269 1141 projiceret.
1298 1095 1392 1138 Mox
1406 1097 1516 1126 etiam
1534 1091 1594 1125 hic
1612 1102 1649 1125 se
1669 1090 1821 1126 defodit.

364 1161 413 1194 D.
434 1170 483 1205 17.
500 1157 598 1205 Sept.
618 1155 728 1190 audio
751 1164 883 1187 sonum
898 1150 1139 1199 glocitantem
1161 1154 1264 1198 quasi
1277 1161 1385 1184 ranae
1408 1146 1602 1192 arboreae,
1622 1146 1686 1181 sed
1700 1146 1905 1182 breviorem

287 1228 327 1252 et
350 1215 578 1251 debiliorem.
607 1215 757 1260 Inquiro
774 1238 782 1254 ,
803 1219 839 1244 et
863 1208 930 1243 sub
952 1212 1089 1255 cespite
1111 1218 1222 1255 quem
1247 1211 1340 1242 vitro
1368 1212 1636 1253 imposueram,
1659 1216 1775 1238 unum
1800 1203 1906 1238 bufo-

286 1286 378 1310 nem
399 1272 512 1307 latere
527 1269 646 1306 video.
674 1270 770 1302 Eum
790 1278 923 1301 sonum
945 1273 1054 1298 antea
1076 1265 1150 1310 jam
1170 1262 1372 1311 aliquando
1393 1262 1560 1297 auditum
1584 1273 1659 1296 esse
1680 1266 1753 1295 mei
1770 1259 1904 1295 retule-

288 1340 385 1366 runt.
424 1327 604 1363 Postridie
629 1337 748 1360 rursus
775 1323 898 1366 audii,
922 1321 1009 1355 licet
1033 1319 1157 1355 nullus
1182 1329 1382 1368 appareret.
1410 1321 1460 1355 D.
1491 1330 1541 1366 ¹9·
1565 1317 1665 1366 Sept.
1684 1317 1909 1366 frequentior

291 1393 404 1422 etiam
432 1391 460 1418 is
485 1396 596 1417 sonus
617 1382 796 1428 glocitans
822 1378 966 1412 auditus
989 1387 1042 1411 est
1063 1383 1158 1411 circa
1182 1378 1384 1410 meridiem.
1413 1377 1563 1422 Vesperi
1583 1374 1687 1422 pluit.
1716 1374 1908 1408 Ceciderat

291 1449 406 1479 etiam
421 1439 560 1488 aliquid
579 1438 723 1486 pluviae
743 1434 887 1470 duobus
906 1431 1209 1481 praecedentibus
1225 1431 1352 1465 diebus
1369 1458 1377 1475 ,
1398 1430 1528 1478 quibus
1544 1435 1677 1478 pariter
1694 1430 1809 1465 auditi
1831 1429 1908 1464 fue-

293 1509 390 1536 runt.
420 1498 548 1531 Aestas
567 1494 629 1529 illa
645 1493 759 1527 fuerat
778 1496 972 1526 siccissima
993 1501 1058 1537 per
1077 1501 1187 1536 quam
1206 1493 1406 1521 maximam
1425 1496 1567 1535 partem
1587 1487 1784 1521 latuerunt.

369 1556 419 1590 D.
443 1569 472 1588 2.
491 1554 573 1587 Oct.
595 1551 784 1597 hucusque
814 1560 907 1582 unus
935 1558 1083 1591 eorum,
1110 1545 1220 1580 credo
1241 1544 1406 1579 medium
1429 1543 1560 1588 fuisse,
1583 1553 1635 1577 sat
1656 1542 1825 1591 frequens
1847 1555 1912 1590 ap-

293 1617 426 1664 paruit.
454 1612 538 1644 Hoc
562 1609 619 1643 die
645 1613 753 1642 etiam
779 1614 979 1640 unctuosus
1002 1613 1037 1637 et
1066 1601 1272 1637 subnitidus
1291 1606 1404 1645 visuS,
1429 1610 1465 1635 et
1492 1599 1565 1634 fere
1590 1598 1776 1633 coloratus
1800 1609 1910 1647 prout

297 1677 337 1706 in
359 1667 517 1704 Roeselii
544 1666 668 1713 figura.
698 1665 785 1697 Fere
813 1673 957 1709 semper
984 1659 1057 1695 vidi
1077 1669 1157 1694 toto
1183 1658 1258 1693 hoc
1282 1667 1449 1705 tempore
1468 1656 1514 1691 ad
1537 1654 1766 1704 superficiem
1786 1665 1848 1690 aut
1872 1661 1911 1690 in

298 1730 452 1762 introitu
471 1722 656 1757 foraminis
670 1734 690 1755 a
709 1732 745 1754 se
764 1718 869 1763 fossi,
889 1716 1015 1751 colore
1030 1716 1162 1751 lurido.
1189 1715 1262 1750 Sed
1282 1729 1332 1762 ¹7·
1348 1715 1428 1749 Oct.
1448 1726 1566 1749 rursus
1581 1718 1779 1756 nitentem,
1799 1718 1912 1760 magis

301 1784 374 1818 [ere
395 1793 505 1830 quam
526 1780 559 1814 d.
583 1792 612 1813 2.
632 1779 712 1813 Oct.
735 1789 812 1811 non
834 1785 957 1810 tamen
979 1786 1096 1822 aeque
1115 1772 1286 1822 pulcrum
1305 1785 1347 1807 ac
1370 1777 1407 1806 in
1428 1769 1588 1805 Roeselii
1612 1775 1730 1806 icone.
1756 1769 1912 1804 Oniscos

300 1838 491 1890 plusculos
510 1842 655 1873 voravit.
683 1837 793 1873 Nunc
822 1837 931 1867 etiam
958 1831 1064 1867 video
1095 1830 1182 1865 dum
1204 1835 1370 1864 oniscurn
1397 1827 1525 1875 glutit,
1544 1825 1778 1875 prehendisse
1804 1825 1913 1861 simul

302 1896 475 1933 foliolum
499 1894 685 1937 lactucae,
709 1892 811 1937 cujus
831 1899 986 1936 uterque
1012 1899 1106 1935 apex
1124 1886 1170 1921 ad
1192 1886 1303 1921 latera
1323 1891 1432 1920 rictus
1453 1890 1601 1919 eminet.
1629 1882 1789 1917 Pedibus
1809 1893 1912 1917 ante-

303 1953 458 1991 rioribus
490 1964 529 1985 os
550 1955 703 1998 extergit
722 1959 761 1983 ut
790 1946 884 1982 solet
915 1945 1032 1979 facere
1053 1944 1140 1978 dum
1160 1956 1223 1991 pes
1248 1943 1400 1989 alicujus
1426 1941 1595 1990 deglutiti
1618 1945 1748 1974 insecti
1767 1944 1913 1975 eminet.

305 2010 477 2046 Tandem
502 2012 662 2055 repetitis
683 2004 875 2040 conatibus
895 2000 1067 2036 foliolum
1092 1999 1301 2046 deglutitur.
1330 1999 1457 2034 Simile
1471 1998 1560 2047 quid
1582 1996 1787 2032 observasse
1807 2008 1916 2043 opor-

305 2079 359 2105 tet
382 2073 443 2116 qui
463 2066 634 2101 dixerunt
661 2062 814 2098 bufones
832 2057 1079 2109 phytiphagos
1101 2069 1185 2092 esse.
1213 2058 1408 2092 Moveatur
1427 2066 1596 2105 oportet,
1621 2052 1722 2101 quod
1743 2052 1916 2087 animalia

306 2125 400 2160 haec
416 2123 603 2159 devorant.

381 2183 450 2217 Ao.
473 2187 568 2228 ¹794·
587 2177 652 2225 (A.
668 2175 729 2222 ΙΙ.)
752 2176 823 2210 fine
845 2173 1003 2224 Aprilis,
1027 2185 1141 2222 quum
1165 2170 1353 2219 hucusque
1382 2180 1535 2217 uterque
1557 2173 1594 2203 in
1616 2167 1731 2202 fundo
1752 2166 1917 2202 delituis-

310 2251 382 2290 set,
404 2238 518 2276 affusa
536 2248 632 2286 aqua
654 2239 760 2283 coegi
778 2239 874 2271 utin
892 2231 1121 2281 superficiem
1143 2238 1354 2277 emergeret.
1381 2227 1497 2265 Paulo
1520 2235 1604 2275 post
1626 2225 1744 2272 major
1765 2228 1918 2260 mutavit
