2054 2748
776 137 1163 168 MAMMALIA.
1715 129 1771 187 89

243 224 351 271 Apex
386 222 651 271 subtr-iqueter,
691 223 863 266 obtusus,
899 227 1095 258 introrsum
1127 220 1354 270 subgibbu5‚
1396 221 1570 259 saciecula
1598 232 1771 274 utrinque

170 280 426 327 complanata,
453 279 565 314 altera
596 292 690 327 quae
720 284 871 314 interior
905 279 1045 313 videtur
1070 280 1309 314 subconcava.
1347 278 1463 326 Supra
1492 280 1556 314 lias
1579 281 1769 318 &merulas

169 336 374 383 superficies
406 343 565 371 anterior
591 342 691 384 quasi
722 341 884 382 margine
915 334 1040 382 aliquo
1068 342 1232 380 eminet,
1272 340 1420 381 regione
1452 340 1545 369 inter
1570 345 1771 384 marginem

168 397 379 426 interiorem
407 402 442 427 et
466 393 608 426 sulcum
636 404 820 427 convexae
839 390 1041 438 superficiei
1067 392 1257 438 glabr-at03
1291 391 1354 426 sed
1380 396 1530 438 regione
1554 398 1647 427 inter
1675 408 1768 429 mar-

167 453 291 494 ginem
310 455 534 484 eminentem
563 453 781 483 exteriorem
806 446 1022 494 sulcumque
1043 453 1176 481 striato.

241 504 317 539 Sub
344 505 525 540 facieculis
551 503 708 538 annulus
740 509 944 550 nigrica1153
984 503 1085 550 quod
1109 514 1248 551 partem
1274 503 1393 538 dentis
1417 515 1606 553 quousque
1634 511 1770 542 eminet

168 570 268 595 extra
287 561 472 596 alveolum
486 560 647 594 indicare
666 561 817 596 videtur.
840 561 954 607 Niger
977 571 1126 608 quoque
1147 559 1268 595 sulcus
1294 566 1551 607 convexitatis,
1579 574 1770 611 quousque

168 616 258 651 dens
278 627 376 652 extra
397 615 582 650 alveolum
609 623 756 652 eminet.

238 673 373 719 Sagitta
394 672 553 708 chordae
582 672 759 708 linearum
787 684 940 723 septem.

237 730 367 776 Margo
389 735 569 777 posterior
588 736 781 766 cavitatem
806 732 932 766 baseos
953 730 1117 765 ambiens
1133 759 1142 775 ,
1168 740 1316 779 argutus
1336 760 1344 777 ,
1370 731 1549 767 scindens.

236 786 379 820 Dentes
400 789 541 821 camini
564 791 778 834 superiores
802 788 906 823 faciei
925 794 1090 823 internae
1113 787 1349 823 laniariorum
1371 789 1584 824 inferiorum
1604 797 1766 825 atterun-

163 851 239 886 tur,
267 852 302 877 et
324 842 449 877 breves
473 853 633 878 manent.
660 844 801 879 Busfon.
823 846 900 879 XII.
927 859 962 893 p.
989 845 1045 881 60.

236 900 367 934 Versus
391 899 560 935 inferiora
585 907 741 943 curvati,
769 912 804 937 et
830 909 1015 951 superiore
1038 915 1080 937 ac
1107 901 1278 937 inferiore
1308 902 1498 950 superficie
1530 901 1766 949 complanati.

161 953 291 988 Sulcus
317 955 615 1002 longitudinalis‚
655 956 856 1004 profundus
872 986 880 1002 ,
923 965 961 992 in
991 958 1082 992 facie
1106 958 1286 992 inferiore.
1314 957 1563 1005 Longitudine
1587 958 1768 1005 pollicum

159 1022 222 1045 sex
244 1024 327 1045 cum
348 1012 499 1047 dimidio
520 1040 529 1057 ,
555 1022 657 1060 parte
679 1023 778 1048 extra
799 1014 988 1058 alveolum
1010 1019 1196 1048 eminente
1222 1023 1365 1048 tantum
1388 1013 1534 1062 pollicis
1557 1020 1662 1048 unius
1683 1027 1768 1049 cum

160 1067 323 1103 dimidio.
344 1071 508 1104 Cavitate
529 1068 657 1104 baseos
680 1070 860 1118 pollicum
886 1071 1043 1105 duorum
1068 1083 1153 1105 cum
1178 1070 1342 1105 dimidio.
1369 1071 1479 1117 Buff.
1504 1084 1536 1118 p¹
1565 1070 1621 1106 62.

209 1126 317 1158 Meus
348 1131 398 1160 sic
428 1137 465 1159 se
491 1125 628 1160 habet:
664 1127 876 1174 Longitudo
907 1137 1050 1162 tantum
1074 1137 1232 1175 quatuor
1256 1126 1434 1176 pollicum
1463 1137 1548 1162 octo
1577 1127 1765 1162 linearum.

160 1181 305 1215 Tamen
327 1191 380 1216 est
399 1194 445 1216 ex
464 1182 599 1217 eodem
620 1189 745 1217 cranio
770 1184 867 1218 unde
890 1189 1079 1231 primores.
1106 1184 1229 1229 Quare
1251 1183 1323 1218 alia
1348 1195 1459 1232 quarn
1479 1189 1519 1218 111
1547 1182 1763 1219 Bussoniano

160 1243 369 1284 proporti0‚
389 1249 426 1272 et
438 1243 561 1272 minor
575 1251 687 1285 quam
705 1244 742 1272 in
761 1238 838 1273 illo.

234 1292 364 1327 Sulcus
389 1299 515 1341 utique
546 1299 584 1328 in
612 1293 704 1328 facie
726 1294 913 1338 inferiore⁷
939 1295 1002 1329 sed
1030 1307 1107 1329 non
1130 1294 1357 1342 profundus,
1396 1306 1521 1329 verum
1551 1303 1621 1328 tres
1651 1293 1763 1329 lineas

159 1361 243 1383 cum
264 1348 414 1382 dimidia
435 1349 549 1391 latus,
577 1359 613 1381 et
627 1355 686 1381 vix
700 1359 801 1381 sexta
824 1342 927 1394 parte
946 1351 1064 1382 lineae
1085 1350 1297 1394 profundus.
1326 1349 1441 1382 Striae
1456 1355 1493 1382 111
1515 1349 1580 1382 illo
1600 1356 1764 1398 quinque

157 1409 217 1439 vix
244 1409 321 1439 visu
344 1403 579 1450 detegendae.
614 1405 657 1438 In
684 1402 801 1437 altero
836 1415 921 1437 vero
949 1403 1061 1438 dente
1087 1409 1247 1451 oppositi
1271 1403 1390 1437 lateris
1414 1404 1494 1451 plus
1522 1404 1674 1440 dimidio
1700 1419 1764 1441 an-

157 1466 296 1508 gustior
318 1459 438 1495 sulcus
458 1487 467 1504 ‚
502 1469 539 1494 et
556 1472 576 1494 a
597 1465 723 1495 ceteris
749 1465 811 1507 qui
832 1469 952 1495 totum
972 1459 1122 1494 dentem
1151 1460 1318 1495 dividunt
1340 1466 1399 1495 vix
1420 1461 1588 1496 diversus.

229 1516 333 1551 Alius
363 1516 484 1551 sulcus
515 1516 642 1551 slmilis
678 1516 841 1563 ejusdem
870 1516 1073 1550 latitudinis
1101 1521 1136 1550 in
1169 1515 1260 1550 facie
1294 1529 1406 1564 quam
1436 1522 1647 1552 interiorem
1686 1531 1762 1554 esse

157 1578 333 1608 existimo
361 1573 451 1607 Duo
466 1579 691 1620 angustiores
709 1579 747 1608 in
762 1578 942 1608 exteriore
962 1571 1151 1620 superficie
1165 1572 1238 1607 alio
1253 1578 1397 1608 minore
1413 1575 1762 1624 separati.Denique

155 1629 230 1664 duo
254 1628 389 1664 similes
408 1635 578 1677 utrinque
599 1630 646 1664 ad
667 1630 818 1665 dorsum
839 1630 966 1664 dentis.
994 1628 1108 1663 Striae
1128 1639 1313 1676 praeterea
1338 1635 1518 1677 copiosae.

226 1685 347 1720 Aliter
374 1685 467 1721 haec
490 1692 528 1720 111
547 1687 699 1721 laniario
727 1687 844 1721 dextri
874 1686 1018 1726 lateris;
1046 1694 1084 1719 ut
1113 1685 1204 1719 nihil
1232 1686 1291 1720 hic
1320 1692 1363 1721 sit
1387 1693 1599 1723 constantis.
1628 1689 1760 1725 Forma

153 1741 476 1789 compressiuscula
497 1769 505 1786 ,
542 1752 582 1776 ut
604 1742 761 1777 altitudo
785 1748 830 1777 sit
853 1741 1133 1790 quatuordecim
1158 1741 1341 1778 linearum
1365 1757 1450 1778 cum
1478 1744 1650 1791 dimidia,
1678 1745 1759 1782 lati-

153 1800 243 1835 tudo
267 1798 464 1833 duodecim
486 1797 677 1833 linearum.

226 1856 334 1903 Apex
358 1854 508 1902 oblique
532 1865 749 1900 excavatus,
784 1860 982 1890 introrsum
1009 1855 1183 1901 detritus,
1220 1867 1322 1904 parte
1350 1858 1552 1906 superficiei
1571 1872 1756 1895 convexae

152 1911 361 1961 prominula
384 1921 591 1956 attenuata,
619 1912 768 1959 cingulo
798 1917 998 1960 nigricante
1023 1912 1193 1948 detritam
1220 1914 1314 1949 hanc
1337 1928 1456 1950 aream
1478 1916 1683 1961 ambiente,
1721 1926 1755 1951 et

153 1975 191 2004 in
213 1967 441 2016 superficiem
460 1975 682 2004 anteriorem
712 1981 914 2004 convexam
943 1969 1200 2005 descendente.
1226 1972 1358 2019 Neque
1390 1982 1512 2006 tamen
1541 1974 1755 2008 crediderim

153 2036 300 2060 eatenus
326 2035 466 2060 tantum
486 2026 613 2061 dentes
628 2036 727 2061 extra
745 2025 909 2060 alveolos
932 2032 1112 2071 eminere,
1139 2026 1203 2061 sed
1223 2032 1250 2060 si
1265 2028 1422 2062 circulus
1442 2028 1500 2062 hic
1521 2035 1622 2076 niger
1635 2034 1754 2062 antice

153 2081 199 2115 ab
218 2081 347 2116 ultimo
362 2088 465 2130 apice
486 2082 603 2117 dentis
624 2083 731 2118 distat
744 2082 845 2117 lineis
860 2095 1014 2126 novem,
1037 2083 1265 2118 tantumdem
1278 2097 1383 2132 supra
1403 2086 1578 2119 circulum
1595 2083 1753 2118 albislior

155 2137 242 2171 dens
256 2148 308 2173 est
323 2166 332 2182 ‚
357 2149 466 2186 atque
486 2149 635 2175 eatenus
653 2139 795 2174 videtur
816 2145 985 2174 eminere.
1003 2138 1209 2188 Obliquitas
1229 2140 1381 2176 detritae
1394 2153 1574 2176 concavae
1590 2152 1692 2173 areae
1704 2140 1752 2175 ad

153 2199 296 2242 apicem
315 2196 493 2240 ejusmodi
520 2207 591 2243 est,
617 2206 657 2233 ut
682 2196 730 2232 ab
752 2201 917 2232 interiori
939 2196 1128 2244 superficie
1159 2210 1278 2235 versus
1306 2204 1525 2234 exteriorem
1545 2195 1751 2233 descendat.

1468 2246 1510 2280 M
