2054 2748
884 138 1096 169 AVES.
1709 145 1784 186 107

267 221 432 257 Vercicis
468 233 611 270 pennae
641 230 792 266 ovatae,
824 221 1042 267 subacutae,
1075 221 1191 257 laxae.
1233 221 1345 256 Area
1376 227 1512 257 circum
1535 225 1662 260 oeulos
1680 226 1784 272 alba,

190 278 337 314 inferius
356 277 585 313 semicirculo
608 285 710 326 nigro
725 284 843 314 cincta
857 306 864 323 ,
879 278 1021 313 macula
1044 277 1253 325 triangulari
1272 283 1374 325 nigra
1388 288 1473 313 ante
1493 280 1591 314 oculi
1611 282 1785 317 canthum

190 340 431 380 anteriorem,
454 345 489 370 et
511 340 605 369 inter
625 334 724 369 hunc
753 344 789 369 et
810 334 911 368 basin
935 340 1039 368 rostri
1065 340 1200 381 posita,
1230 340 1348 382 potius
1375 334 1483 370 fascia
1511 348 1617 383 supra
1641 348 1675 372 et
1695 338 1785 373 infra

190 390 318 425 oculos
337 403 423 425 cum
450 390 525 426 basi
545 390 717 426 maxillae
738 393 930 438 superioris
953 389 1047 424 alba.
1086 390 1194 424 Gula
1217 390 1310 425 alba.
1337 391 1486 426 Macula
1515 391 1659 426 nuchae
1682 394 1764 429 alba
1778 423 1786 439 ,

188 448 306 492 major
326 460 436 495 quam
453 452 491 481 in
511 447 623 482 altera
643 446 752 480 simili
774 452 932 494 antiqua.
962 445 1079 480 Oculi
1098 458 1241 493 prorsus
1261 453 1363 494 nigri.
1390 449 1520 495 Margo
1540 449 1785 496 supraorbita-

188 501 232 537 lis
256 508 342 537 ossis
362 503 490 538 frontis
509 512 607 538 tactu
629 507 794 537 eminens
809 531 817 547 ‚
842 501 1024 550 profunde
1049 508 1300 549 emarginatus.

260 559 369 594 Alae
388 558 526 602 fuscae,
547 564 697 605 pennis,
723 558 918 606 remigibus
944 557 1224 606 tectricibusque
1244 559 1414 594 omnibus
1432 566 1594 608 margine
1619 560 1728 606 albo,
1752 571 1788 596 et

190 624 276 648 ante
304 614 383 648 rufo
410 619 635 660 marginato,
662 624 702 649 ut
722 624 845 650 tamen
867 621 905 649 in
927 614 1171 662 superioribus
1193 621 1252 651 vix
1269 615 1409 664 aliquid
1428 615 1604 653 albedinis
1626 623 1788 666 supersit.

191 669 363 705 Similiter
382 675 420 704 in
439 669 612 705 fasciculo
632 683 836 719 pennarum
862 670 1078 706 axillarium.

266 727 455 761 Teccrcces
480 732 593 772 tertii,
621 734 757 775 quarti,
786 733 904 776 quinti
926 727 1062 762 ordinis
1081 733 1244 774 margine
1267 727 1371 763 latius
1393 728 1484 763 rufo.

259 783 411 817 Ramex
430 789 544 831 prima
562 784 722 819 secunda
742 784 856 819 tribus
882 784 1077 833 pollicibus
1096 783 1258 827 brevior,
1282 790 1420 832 postice
1435 783 1540 819 valde
1555 790 1787 832 emarginata.

188 838 356 873 Secunda
383 845 517 886 pariter
543 846 776 887 emarginata.
811 842 935 876 Tertia
959 846 1122 888 margine
1150 846 1332 875 anteriore
1359 845 1633 888 posterioreque
1661 842 1787 876 leviter

188 900 430 942 emarginata,
455 896 698 943 praecedente
717 897 878 932 secunda
900 897 1052 931 dimidio
1071 896 1208 944 pollice
1234 896 1381 943 longior
1397 906 1434 932 et
1455 902 1622 930 omnium
1649 897 1786 945 longis-

187 956 287 985 sima.
313 951 451 995 Quarta
471 957 591 986 antice
611 952 789 986 levissime
812 959 1044 999 emarginata.
1070 952 1175 987 Nihil
1195 952 1375 997 ejusmodi
1394 958 1432 986 in
1453 958 1589 987 ceteris.
1618 953 1788 1000 Remiges

187 1011 348 1053 margine
379 1011 578 1052 posteriore
604 1006 842 1054 pallidissime
866 1008 1131 1052 sulvescentes,
1154 1007 1270 1042 fasciis
1294 1007 1405 1042 tribus
1425 1018 1461 1043 et
1483 1018 1609 1057 postea
1631 1018 1788 1057 quatuor>

185 1068 315 1109 nigris,
335 1067 513 1109 angustis:
540 1063 643 1110 quod
665 1069 703 1099 in
721 1064 943 1100 secundariis
963 1064 1127 1100 desinere
1144 1069 1293 1112 incipit,
1308 1074 1348 1100 ut
1368 1070 1406 1101 in
1427 1075 1555 1113 quarta
1573 1065 1789 1101 secundaria

186 1131 331 1166 prorsus
353 1118 448 1153 nihil
470 1125 630 1167 supersit.

258 1177 300 1209 In
320 1175 542 1210 tecericz'bas
565 1188 691 1224 margo
713 1183 895 1225 posterior
918 1177 1140 1226 pallescens,
1160 1178 1424 1214 immaculatus

258 1231 411 1266 Alalae
429 1237 570 1278 spuriae
591 1239 719 1279 pennis
749 1244 927 1280 quatuor,
954 1239 1116 1280 margine
1141 1240 1340 1280 posteriore
1366 1234 1542 1276 fasciatus,
1573 1238 1677 1280 apice
1705 1232 1784 1267 rufo

185 1293 400 1334 marginatO.
429 1286 564 1322 Subtus
583 1288 713 1323 fasciae
737 1289 896 1324 eaedem.
921 1289 995 1323 Sed
1018 1294 1141 1323 omnia
1157 1288 1370 1336 pallidiora,
1388 1298 1424 1323 et
1442 1294 1490 1323 ita
1512 1288 1700 1323 distributa
1714 1316 1721 1333 ,
1735 1298 1786 1333 ut,

185 1349 345 1390 exceptis
364 1343 480 1376 fasciis
491 1370 499 1385 ,
519 1350 618 1388 regio
633 1350 812 1388 remigum
826 1351 1076 1389 primariarum
1090 1343 1271 1377 rufescens
1282 1371 1290 1387 ,
1309 1350 1553 1389 posteriorum
1568 1349 1640 1378 sive
1658 1356 1787 1378 secun-

185 1399 367 1434 dariarum
391 1402 572 1444 nigricans
595 1403 659 1441 sit,
679 1406 837 1445 quatuor
858 1396 1098 1431 anterioribus
1118 1396 1272 1432 fasciatis
1296 1398 1568 1445 maculatisque.

262 1455 456 1488 Teccrtces
472 1452 658 1488 inferiores
675 1452 785 1488 rusae.
812 1452 1003 1488 Subalares
1018 1457 1181 1500 quinque
1193 1481 1202 1498 ,
1218 1452 1351 1500 longae
1365 1481 1374 1498 ,
1389 1463 1509 1488 rectae
1522 1481 1531 1498 ‚
1546 1454 1786 1501 lanceolatae,

185 1515 303 1559 prima
327 1509 538 1556 longissima
557 1537 566 1554 ,
594 1515 697 1557 apice
724 1521 860 1545 novem
883 1518 1026 1543 tantum
1052 1508 1157 1543 lineis
1183 1508 1229 1544 ab
1257 1515 1359 1557 apice
1382 1516 1525 1557 remigis
1551 1512 1786 1548 secundariae

185 1565 440 1615 respondentis
464 1565 638 1611 distante,
660 1565 779 1611 rufae,
808 1565 920 1600 tribus
941 1565 1057 1599 fasciis
1080 1564 1325 1600 albicantibus
1348 1571 1386 1601 in
1410 1576 1566 1615 utroque
1589 1574 1761 1616 margine.

257 1623 377 1670 Apesc
395 1622 555 1667 alarum,
578 1628 616 1657 in
635 1635 699 1658 ave
719 1622 889 1667 sedente,
913 1621 959 1656 ab
978 1626 1081 1668 apice
1100 1620 1237 1656 caudae
1256 1622 1364 1657 distat
1387 1622 1536 1670 pollice.

257 1680 452 1713 Reccrices
471 1684 612 1725 nigrae,
639 1685 742 1726 apice
762 1678 951 1726 fasciisque
972 1687 1129 1725 quatuor
1151 1677 1414 1713 rufescentibus
1430 1679 1525 1723 ,illis
1540 1685 1651 1728 apicis
1673 1687 1786 1728 magis

186 1734 233 1770 ad
254 1734 465 1769 albedinem
486 1734 725 1781 vergentibus.
761 1734 962 1769 Saturatior
984 1733 1023 1768 fit
1048 1743 1201 1781 uterque
1227 1734 1353 1780 color,
1382 1748 1455 1783 quo
1483 1742 1596 1783 magis
1620 1743 1785 1772 rectrices

186 1800 269 1826 sunt
288 1795 496 1825 interiores:
530 1795 578 1825 ita
606 1799 727 1824 tamen
752 1800 792 1826 ut
820 1796 954 1825 extima
982 1789 1101 1825 subito
1130 1796 1175 1826 sit
1203 1797 1303 1826 omni
1332 1802 1496 1839 respectu
1521 1792 1693 1840 pallidior
1713 1822 1721 1838 ,
1750 1803 1785 1829 et

186 1847 282 1882 duae
308 1851 458 1881 intimae
485 1844 783 1891 obscurissimae,
814 1855 854 1880 ut
879 1845 970 1880 nihil
997 1845 1090 1881 adsit
1116 1847 1202 1892 rufi,
1236 1847 1298 1882 sed
1326 1853 1362 1881 in
1388 1847 1503 1884 fundo
1531 1855 1632 1897 nigro
1655 1850 1784 1885 fasciae

186 1908 350 1951 quinque
377 1908 665 1938 atro-cinereae.
701 1905 848 1938 Extima
875 1908 1007 1937 rectrix
1037 1902 1270 1950 longitudine
1299 1917 1361 1938 sex
1389 1904 1568 1953 pollicum
1592 1916 1626 1941 et
1650 1918 1783 1943 novem

186 1959 385 2003 linearum,
406 1964 533 1994 intima
548 1959 685 2007 pollice
703 1959 867 2007 longior,
886 1960 1126 1995 intermediae
1144 1966 1381 2008 proportione
1400 1962 1661 1998 decrescentes.

262 2017 431 2050 Cn'ssum
450 2015 575 2050 album
591 2044 598 2060 ,
623 2015 754 2050 rhachi
773 2021 949 2064 apiceque
976 2016 1070 2051 rufis

266 2072 514 2118 Uropygimn
540 2081 659 2107 totum
682 2071 820 2117 rufum,
844 2072 892 2107 ad
914 2072 1079 2109 medium
1095 2072 1170 2109 fere
1192 2074 1330 2111 caudae
1355 2075 1642 2124 pertingentibus
1662 2078 1782 2110 tectri-

189 2126 288 2164 cibus
309 2126 537 2163 inferioribus
556 2128 704 2164 caudae.

259 2183 434 2220 Braccae
453 2184 609 2233 longae,
631 2185 861 2232 unicolores,
881 2183 989 2221 rufae.

1457 2243 1491 2278 O
1517 2254 1539 2278 2
