2054 2748
250 126 333 171 218
617 135 1080 169 OBSERVA‘rtoNEs
1125 135 1485 166 ZOOLOGICAE.

247 222 490 261 ossiculorum
513 221 664 272 oblique
684 222 882 258 descendit.
912 220 975 255 Ab
993 225 1192 256 insertione
1211 219 1319 266 hujus
1339 226 1457 255 tenuis
1473 218 1704 268 apophyseos
1726 225 1855 270 incipit

246 293 347 318 costa
370 286 499 328 exigua
521 280 728 315 elevatione
748 283 946 326 conspicua
972 278 1133 312 mediam
1160 277 1294 312 horum
1319 277 1559 312 ossiculorum
1582 290 1704 312 aream
1724 278 1854 326 legere.

245 341 334 386 Ejus
358 348 482 374 costae
503 350 598 386 apex
620 334 855 371 validioribus·
879 334 1182 383 longioribusque
1202 334 1375 369 dentibus
1394 340 1564 370 inseritur
1583 339 1855 369 continuationi

244 406 389 441 costae,
409 407 503 443 quae
521 403 687 442 separato
709 391 868 426 ossiculo
889 396 1054 427 immersa
1076 402 1152 436 est,
1172 402 1206 426 et
1228 398 1329 440 quasi
1350 392 1623 439 cartilagineam
1643 397 1854 440 portionem

244 464 368 490 costae
390 451 519 496 refert,
549 451 631 485 licet
653 461 769 497 aeque
794 461 895 483 ossea
921 454 976 484 sit.
1019 449 1078 483 Ab
1099 459 1258 497 utroque
1282 449 1394 484 latere
1415 449 1521 494 hujus
1542 450 1662 483 dentis
1680 458 1765 483 sunt
1788 448 1853 483 de-

243 516 447 560 pressiones
475 507 661 554 oblongae
684 515 747 540 aut
770 505 938 541 foveolae
964 505 1139 550 lineares,
1165 512 1200 540 in
1229 506 1360 554 quibus
1390 511 1605 554 periostium
1635 499 1854 554 pertinacius

243 569 427 604 adhaeret.
465 564 569 600 Ultra
590 562 654 596 has
676 563 927 611 depressiones
949 573 1034 598 sunt
1056 569 1228 611 utrinque
1255 563 1454 597 duodecim
1476 563 1546 597 alia
1570 562 1746 605 ossicula,
1769 573 1855 595 cum

241 638 317 661 uno
338 628 466 672 impari
488 626 524 654 in
549 626 751 668 posteriore
775 630 895 668 parte,
923 632 1077 668 quarum
1102 630 1246 655 suturae
1272 633 1355 655 cum
1380 626 1454 655 istis
1479 632 1572 667 quae
1592 630 1678 654 octo
1699 617 1854 654 ossicula

241 690 430 732 separant,
455 691 532 713 non
560 688 644 712 sunt
670 683 878 713 continuae.
915 678 974 711 Ad
996 688 1139 725 partem
1160 684 1401 725 posteriorem
1423 683 1562 728 quarti,
1590 676 1634 710 ad
1663 681 1854 723 quintum,

240 750 381 776 sextum
398 766 406 781 ,
428 742 624 784 septimum
645 745 681 784 eg
701 741 822 770 octavi
844 739 988 769 initium
1011 733 1143 768 horum
1165 734 1407 769 ossiculorum
1426 739 1595 768 inseritur
1608 732 1665 766 vel
1683 738 1854 766 commit-

241 802 329 833 titur
342 806 506 830 sternum
523 821 531 838 ,
552 792 677 841 ibique
699 803 787 827 testa
805 798 969 840 superior
982 791 1151 826 deorsum
1175 802 1234 826 aut
1258 798 1456 826 introrsum
1476 789 1689 825 deflectitur.
1715 788 1787 823 Sed
1806 788 1854 824 ad

237 854 379 901 reliqua
395 850 551 886 ossicula
568 856 681 897 magis
699 849 895 898 explanata
916 858 969 883 est
982 876 990 891 ‚
1010 859 1045 883 et
1065 848 1260 897 epidermis
1275 860 1409 882 cornea
1431 845 1616 895 pellucida
1634 850 1746 892 magis
1766 857 1853 893 pro-

239 910 349 946 ducta
375 915 412 943 in
435 914 572 951 aciem,
602 920 671 941 nec
697 907 919 954 distinguere
945 911 981 940 in
1006 905 1078 941 illis
1103 905 1210 940 datur
1236 915 1358 940 utrum
1387 909 1508 952 portio
1534 908 1686 938 interior
1710 901 1853 950 epider-

236 967 336 1003 mide
353 965 537 1000 denudata
554 975 638 997 cum
652 963 715 998 illa
732 975 826 1010 quae
847 963 1074 1010 epidermide
1090 972 1186 996 tecta
1202 972 1274 1005 est,
1295 974 1411 996 unum
1427 959 1625 994 ossiculum
1646 964 1855 994 constituat.

310 1024 421 1057 Testa
449 1020 597 1054 inferior
620 1019 815 1066 explanata
847 1024 967 1052 amice
993 1027 1171 1064 quatuor
1197 1017 1380 1050 ossiculis
1404 1025 1568 1058 constat,
1599 1027 1757 1062 quorum
1778 1015 1852 1049 duo

237 1079 357 1115 media
386 1077 563 1124 quadrata
586 1085 679 1109 sunt.
720 1075 794 1108 Illis
824 1080 959 1108 insistit
984 1074 1100 1107 aliud
1129 1073 1371 1119 triangulare,
1399 1074 1500 1117 cujus
1528 1084 1621 1118 apex
1650 1076 1852 1119 posteriora

237 1145 406 1185 spectans
429 1132 570 1167 solutus
591 1142 625 1164 et
646 1135 876 1164 acuminatus
899 1134 1068 1163 imminet
1088 1137 1232 1162 suturae
1258 1127 1428 1161 duorum
1456 1132 1690 1174 sequentium
1716 1133 1852 1161 ossicu-

235 1193 378 1236 lorum,
397 1201 491 1238 quae
514 1200 647 1236 magna
663 1197 698 1222 et
719 1186 829 1235 plana
849 1185 986 1233 angulo
1006 1190 1189 1219 anteriore
1206 1194 1242 1219 et
1258 1190 1439 1219 exteriore
1455 1189 1629 1219 emittunt
1643 1182 1853 1232 apophysin
1876 1219 1880 1224 ,

235 1250 389 1297 longam
412 1256 582 1289 teretem,
611 1257 706 1293 quae
731 1250 826 1278 inter
848 1249 995 1278 tertium
1021 1253 1058 1277 et
1078 1251 1249 1291 quartum
1273 1241 1472 1277 ossiculum
1499 1246 1687 1276 exterioris
1712 1241 1853 1276 ordinis

235 1313 274 1342 in
288 1316 381 1341 testa
398 1308 583 1352 superiore
599 1307 767 1336 inseritur
778 1299 907 1336 validis
923 1310 1068 1335 suturae
1082 1299 1253 1335 dentibus
1267 1305 1305 1334 in
1319 1305 1476 1348 primum
1490 1298 1688 1334 ossiculum
1700 1303 1852 1333 interio-

236 1370 283 1400 ris
299 1363 447 1397 ordinis.
476 1360 687 1406 Sequuntur
699 1359 777 1392 daco
790 1357 861 1392 alia
875 1358 1037 1402 ejusdem
1054 1357 1334 1404 magnitudinis,
1354 1356 1531 1404 quadrata
1546 1368 1663 1403 aeque
1678 1365 1714 1390 et
1728 1355 1852 1403 plana,

236 1430 396 1470 quorum
418 1415 573 1463 angulus
597 1420 779 1462 posterior
797 1412 952 1447 similem
970 1412 1177 1460 apophysin
1200 1418 1334 1446 emittit
1354 1418 1449 1446 inter
1463 1422 1631 1446 octavum
1654 1421 1688 1446 et
1708 1423 1852 1445 nonum

237 1475 381 1513 dorsale
404 1478 554 1508 interius
575 1470 772 1505 ossiculum
795 1475 1007 1517 impactum.
1038 1470 1130 1502 Duo
1152 1468 1280 1502 ultima
1301 1474 1442 1516 postice
1461 1477 1719 1516 angustantur,
1738 1477 1774 1502 et
1792 1473 1848 1502 in-

236 1539 393 1570 cisuram
412 1539 512 1565 recto
534 1527 669 1575 angulo
693 1526 804 1574 paulo
828 1527 1003 1570 majorem
1032 1530 1127 1558 inter
1148 1537 1187 1558 se
1207 1524 1431 1572 relinquunt.

308 1589 430 1626 Sterni
447 1593 487 1622 in
505 1585 584 1621 aliis
604 1584 842 1625 duodecim,
869 1587 907 1616 in
929 1586 1154 1630 geometrica
1179 1590 1267 1616 occo
1290 1591 1435 1617 tantum
1458 1581 1636 1617 ossicula
1658 1580 1823 1617 observo.

568 1713 962 1758 TESTUDO
1024 1712 1515 1769 (AFRICANA.)

307 1818 424 1853 ΑΝΝο
456 1815 554 1862 1785.
581 1827 602 1849 a
626 1813 745 1848 milite
771 1818 849 1847 viva
873 1811 996 1847 allata.
1107 1852 1110 1854 Α

306 1874 434 1910 Pedes
454 1872 581 1920 quales
600 1877 637 1906 in
657 1884 737 1906 mea
757 1882 902 1918 graeca,
926 1867 1108 1916 unguibus
1129 1878 1252 1903 tamen
1271 1867 1506 1903 acutioribus.
1532 1867 1717 1901 Rostrum
1737 1865 1845 1902 suba-

234 1933 407 1970 duncum.

313 1990 432 2024 Testa
452 1985 564 2034 paulo
582 1990 770 2032 angustior
789 1988 921 2027 antice⁷
940 1992 976 2017 et
990 1981 1222 2030 aliquantum
1238 1987 1473 2029 emarginata.
1488 1979 1662 2015 Tessulae
1675 1979 1733 2015 vel
1747 1993 1846 2015 assu-

233 2048 291 2083 lae
317 2044 388 2079 fere
406 2053 446 2078 ut
467 2048 505 2076 in
524 2042 726 2076 Testudine
752 2045 992 2089 geometrica,
1018 2049 1054 2074 at
1080 2037 1191 2073 nullis
1216 2038 1322 2073 lineis
1342 2039 1536 2074 decussatis
1555 2038 1620 2072 sed
1632 2042 1844 2073 virescenti-

234 2104 331 2140 flavis
350 2099 578 2150 peripheriae
597 2098 781 2147 parallelis
802 2111 808 2132 :
836 2099 937 2133 disco
961 2096 1130 2145 depresso
1144 2123 1153 2140 ,
1178 2095 1380 2144 granulato.

309 2161 440 2206 Margo
464 2167 577 2194 testae
601 2162 795 2207 superioris
820 2161 941 2191 antice
967 2164 1005 2190 et
1024 2153 1073 2189 ad
1096 2153 1211 2188 latera
1233 2152 1467 2188 subreflexus.
1492 2152 1603 2187 Testa
1623 2156 1745 2186 minus
1765 2150 1841 2186 ele·

236 2227 318 2254 vata
344 2226 406 2251 aut
427 2214 546 2263 gibba.
