2054 2748
264 149 349 193 520
636 148 1117 182 OBSERVATIONES
1151 151 1518 182 ZOOLOGICAE.

256 234 399 280 fauna,
426 232 594 269 suecica
623 233 888 269 Rondeletium
917 233 965 269 ad
997 233 1098 269 hunc
1132 235 1350 284 pisciculum
1382 235 1545 284 allegat:
1575 240 1687 272 etiarn
1717 236 1876 275 Marsil.

264 289 427 325 Παπαῖ).
457 300 483 329 f..
508 304 543 339 p.
566 299 619 333 24.
636 300 660 326 t.
681 304 711 337 ς).
730 290 752 325 f.
776 305 800 326 1.

337 347 475 382 Bloch.
497 347 566 383 tab.
581 358 636 396 97.
656 346 678 381 f.
695 360 725 382 2.
749 347 909 383 diversus
929 347 1082 384 videtur.

341 474 552 522 Cypritzum
576 471 852 519 bipmzccaczcm
868 472 1010 508 Blochii
1033 476 1137 522 (eum
1157 485 1193 510 et
1212 474 1326 510 habet
1339 473 1618 523 IVIeidltzgerzcs
1628 476 1723 523 pisc.
1740 474 1876 510 Auser.

266 529 345 566 cab.
371 531 444 578 m.)
474 542 532 563 mc
557 528 623 563 sibi
652 534 789 563 misisse
813 535 964 564 nomine
994 531 1144 577 Spc'tlc‘n
1170 533 1260 567 dicit
1287 542 1437 576 auctor,
1471 532 1529 580 (in
1556 537 1722 568 versione
1746 531 1880 579 gallica

265 587 441 633 tantum.)
469 588 673 621 Memoriae
696 586 839 634 lapsum
859 587 966 622 fuisse
990 599 1157 636 oportet,
1184 594 1246 637 qui
1267 601 1387 637 neque
1407 588 1625 637 pisciculum
1643 588 1743 623 hunc
1765 600 1880 623 nove-

264 651 333 679 rim
346 674 354 689 ,
376 657 442 678 nec
458 656 593 678 nomen
611 657 776 692 unquam
789 645 1002 680 audiverim.
1030 647 1170 693 Negavi
1186 651 1225 681 in
1240 655 1522 695 programmate.
1542 645 1728 694 Spierling
1741 656 1879 680 nomen

265 702 313 737 ad
332 701 491 750 aphyam
511 713 556 736 ex
574 700 814 736 Beckmanno
839 701 1113 750 adscripserant.

337 829 473 862 Noster
492 826 688 861 Bliclslein
712 836 765 862 est
784 826 900 873 latus,
922 826 1127 873 violaceus,
1151 826 1249 862 linea
1273 827 1535 875 longitudinali
1556 827 1604 863 ad
1623 827 1718 863 latus
1741 826 1881 863 caudae

264 884 427 922 violacea
451 897 560 933 saepe
581 894 740 919 ornatus.
771 883 1042 932 Sesquipollice
1060 890 1120 919 vix
1139 884 1295 932 longior.
1322 886 1464 919 Emitur
1486 898 1506 919 a
1527 884 1758 933 pauperibus.
1795 885 1881 919 Bic-

265 942 535 989 cerlc‘ngalium
557 954 633 976 esse
654 947 869 976 asseveravit
890 947 1050 988 piscator
1072 954 1158 976 cum
1176 951 1368 976 contemtu
1387 941 1433 976 de
1453 941 1520 976 illo
1544 942 1731 991 loquutus.
1757 942 1882 988 Majo-

265 1011 343 1034 rem
364 1009 399 1032 et
422 998 561 1032 tri-vel
583 997 899 1044 quadriuncialem
921 1009 996 1031 esse
1016 997 1127 1041 dixit3
1150 999 1216 1032 secl
1230 998 1404 1033 exhibere
1427 1009 1506 1032 tum
1527 1011 1606 1031 non
1629 1005 1760 1044 potuit.
1791 997 1882 1045 (Ul-

265 1061 376 1092 terius
396 1053 642 1088 examinanda
662 1053 748 1097 res.)

340 1173 531 1220 Cyprimas
553 1167 761 1216 Riemling
779 1167 1134 1216 Argentinensibus,
1163 1181 1210 1203 an
1229 1170 1268 1203 C.
1295 1167 1559 1217 bipunctatus?
1586 1171 1650 1205 Iris
1674 1169 1781 1217 alba,
1803 1184 1884 1208 non

264 1231 365 1267 flava.
393 1227 563 1263 Annulus
583 1237 707 1261 tamen
723 1235 874 1274 apparet
895 1225 1006 1260 oculo
1022 1236 1164 1262 armato
1179 1255 1187 1272 ,
1203 1226 1397 1262 flavescens
1414 1232 1508 1262 circa
1531 1227 1712 1276 pupillam
1729 1234 1882 1276 nigram.

264 1290 362 1324 Basis
381 1292 577 1334 pinnarum
598 1283 817 1319 flavescente
841 1282 949 1318 rubra
963 1312 971 1328 ‚
999 1289 1114 1332 magis
1133 1290 1171 1319 in
1191 1284 1440 1332 pectoralibus
1462 1294 1498 1320 et
1519 1290 1557 1319 in
1577 1285 1692 1331 anah,
1713 1299 1824 1334 quam
1843 1292 1883 1322 in

266 1343 402 1381 dorsali
429 1353 464 1378 ct
487 1341 720 1376 ventralibus.
756 1343 853 1375 Basis
877 1340 1040 1376 caudalis
1063 1341 1202 1389 pallide
1230 1341 1331 1377 flava.
1366 1343 1485 1376 Pinna
1513 1342 1675 1377 caudalis
1701 1343 1884 1380 subtiliter

264 1408 370 1449 nigro
392 1404 614 1446 marginata,
641 1397 743 1445 quod
770 1402 882 1445 pinna
911 1396 1046 1443 plicata
1074 1407 1235 1445 apparet.
1270 1398 1417 1432 Eodem
1444 1399 1559 1433 modo
1585 1399 1760 1445 dorsalis⁷
1788 1413 1883 1449 quae

265 1458 400 1507 plicata
420 1454 605 1490 maculam
625 1459 766 1500 nigram
786 1459 824 1487 in
844 1458 949 1500 apice
964 1452 1107 1487 format.
1136 1453 1252 1488 Color
1270 1454 1369 1488 dorsi
1391 1455 1743 1502 gr'iseo-flavescen53
1766 1463 1805 1491 in
1829 1458 1882 1494 la-

266 1526 343 1552 tere
363 1513 478 1549 nitide
497 1521 689 1559 argenteus
712 1509 880 1545 violaceo
903 1509 1180 1555 coerulescens,
1203 1510 1240 1545 id
1261 1511 1363 1558 quod
1383 1510 1450 1545 sub
1472 1521 1569 1546 certa
1589 1512 1792 1548 directione
1811 1513 1883 1550 fas-

266 1578 361 1608 ciam
380 1570 530 1613 format,
553 1568 652 1602 unde
673 1567 783 1602 credo
804 1578 944 1600 nomen
971 1565 1169 1613 Riemhng.
1197 1567 1261 1601 Nil
1288 1578 1513 1614 punctorum
1540 1574 1578 1603 in
1598 1569 1697 1605 linea
1719 1569 1880 1618 laterali,

266 1634 335 1664 nisi
356 1626 457 1675 quod
478 1625 588 1659 oculo
608 1634 748 1659 armato
767 1623 814 1658 ab
830 1629 935 1657 initio
956 1622 1195 1658 observantur
1213 1624 1391 1671 punctula
1410 1637 1488 1659 rara
1503 1631 1665 1671 minuta,
1686 1639 1780 1674 quae
1793 1640 1880 1663 vero

267 1691 378 1720 etiam
405 1683 494 1718 alias
523 1682 702 1717 videntur.
730 1682 848 1715 Pinna
870 1679 987 1715 analis
1011 1680 1172 1714 sedecim
1201 1679 1313 1716 habet
1341 1682 1462 1716 radios
1482 1687 1535 1716 uti
1565 1684 1603 1717 C.
1637 1682 1881 1731 bipunctatus.

267 1742 389 1778 Oculo
409 1750 550 1776 armato
565 1751 739 1787 squamae
762 1744 799 1773 in
818 1737 993 1773 lateribus
1013 1737 1180 1772 violaceo
1203 1738 1454 1787 coeruleoque
1473 1744 1678 1787 variegatae
1695 1753 1881 1789 apparent.

482 1838 896 1883 CYPRINUS
942 1838 1462 1882 ATRATULUS.
1507 1838 1667 1883 Nobis.

341 1937 546 1983 Argenteo
571 1943 611 1969 ec
637 1936 863 1982 nigricante
889 1935 1028 1968 varius
1046 1961 1058 1975 ,
1085 1935 1223 1980 pinnis
1249 1933 1424 1976 dorsali,
1451 1934 1628 1969 ventrali
1646 1962 1659 1978 ,
1686 1935 1882 1985 (malique

269 1993 393 2029 radiis
415 2000 513 2026 occo,

342 2051 454 2085 Dors.
475 2051 507 2083 8.
529 2048 628 2083 Pect.
655 2048 705 2083 16.
732 2049 858 2083 Ventr.
880 2048 910 2082 S.
932 2047 1040 2082 Anal.
1056 2048 1088 2083 8.
1115 2047 1228 2082 Caud.
1254 2059 1304 2095 19.

343 2107 526 2155 Squamae
545 2110 707 2139 minutae
722 2132 730 2147 ‚
753 2105 893 2140 ambitu
912 2109 1058 2152 punctis
1078 2109 1196 2151 nigris.
1224 2105 1407 2139 Ordinum
1428 2105 1638 2140 octodecim
1661 2118 1680 2140 a
1701 2105 1810 2141 dorso
1833 2109 1881 2145 acl

270 2165 407 2199 lineam
428 2162 633 2206 lateralem;
654 2161 826 2196 ordinum
846 2162 976 2197 decem
995 2161 1041 2197 ab
1055 2162 1141 2197 inde
1161 2162 1208 2197 acl
1226 2161 1381 2197 analem.
1410 2165 1522 2197 Linea
1538 2162 1694 2197 lateralis
1710 2163 1880 2202 flexuosa.

271 2221 482 2270 Longitudo
504 2219 713 2257 triuncialis.
740 2219 913 2255 Latitudo
932 2219 1221 2268 semipollicaris.
1250 2222 1369 2268 Caput
1390 2219 1436 2255 ad
1460 2219 1553 2255 latus
1573 2225 1717 2267 nigrum
1739 2234 1882 2269 practer
