2054 2748
893 118 1106 149 AVES.
1721 116 1797 159 115

190 202 295 238 ribus
314 205 495 251 margine
516 203 699 238 interiore
721 201 1070 249 albedo-guttans,
1098 205 1457 252 reccrlcumfasciis
1477 212 1669 257 marginis
1699 213 1795 246 lnce«

192 264 326 303 n'ort'S,
344 262 565 307 fasciaque
585 258 673 294 lata
700 262 816 307 nigra
836 259 1123 296 subcerminali.

237 319 367 353 Mense
379 316 611 352 Vendemiali
627 317 672 352 A.
698 332 725 352 1.
746 315 889 365 (medio
905 316 1061 352 Octobri
1083 317 1202 366 1792.)
1224 328 1301 354 rete
1315 324 1513 367 aucupario
1532 318 1799 371 Schiltighcmii

188 387 306 425 prope
326 375 615 422 Argentoratum
635 383 782 422 captu5‚
810 381 846 408 et
864 373 937 419 jam
954 373 1082 419 fartus,
1110 385 1235 411 tamen
1249 388 1373 412 recens
1387 376 1529 412 allatus.

262 433 428 468 Statura
448 442 484 467 et
503 432 614 467 color
628 437 667 466 in
688 434 898 465 universum
921 437 995 465 mei
1019 430 1173 467 falconis
1192 439 1380 479 turturini,
1405 433 1506 470 uude
1526 439 1644 482 primo
1668 442 1801 475 intuitu

188 502 256 539 pro
274 490 409 525 eodem
429 488 551 524 habui.
579 487 652 522 Sed
671 486 942 523 distinctissima
961 494 1090 537 utique
1109 495 1255 537 species.

260 549 447 583 Rostrum
467 555 503 581 et
522 544 749 580 denticulus
770 554 908 580 acutus.
936 545 1091 581 Maxilla
1118 545 1268 582 inferior
1285 556 1463 587 truncata.
1491 548 1605 584 Color
1625 562 1798 597 corneus,

188 604 341 640 subater.
372 604 467 638 Cera
494 600 660 637 obscura.
680 603 810 639 Nares
829 612 974 649 ovatae,
1001 602 1160 652 patulae.

265 662 409 696 Vercex
423 665 750 705 cinereo-cyaneus
770 659 898 696 rhachi
915 672 1123 709 pennarum
1138 666 1261 709 nigra,
1290 668 1353 711 qui
1367 662 1474 698 color
1486 676 1552 712 per
1565 673 1685 700 totum
1701 672 1800 702 occi-

187 727 253 767 put
272 727 308 752 et
320 723 359 752 in
377 716 539 752 nucham
553 722 655 765 quasi
673 717 853 765 angulum
864 717 1026 753 formans
1042 717 1243 754 descendit.
1266 719 1406 755 Genae
1420 720 1651 769 pallidiores,
1673 730 1804 772 pennis

187 773 449 810 auricularibus
468 774 755 810 distinctioribus
771 803 779 819 ‚
806 785 1006 811 retrorsum
1034 781 1153 811 versis.
1180 776 1304 812 Frons
1324 787 1359 813 et
1386 783 1486 825 regio
1508 783 1646 814 circum
1673 781 1803 817 oculos

188 831 321 867 albida.
353 831 463 866 Gula
482 842 518 867 et
532 831 646 866 latera
662 830 752 866 colli
773 832 867 868 alba.
897 832 1053 868 Collare
1071 832 1229 878 fulvum,
1256 840 1420 882 postice,
1445 833 1495 869 ob
1513 834 1804 874 descendentem

187 887 334 922 nuchae
347 887 526 936 angulum
540 916 548 932 ,
575 893 761 935 angustius
776 917 784 933 ,
805 894 927 924 antice
941 894 979 923 in
995 890 1155 925 eundem
1174 897 1334 939 pectoris
1350 891 1516 926 colorem
1536 903 1804 931 continuatum.

260 945 431 987 Pectus,
460 945 659 979 abdomen
682 955 718 980 et
743 945 908 980 braccae
932 945 1061 982 fulvae.
1092 947 1263 981 Cris-mm
1288 953 1424 994 pariter
1450 947 1601 985 fulvum.
1633 950 1803 987 Permae

188 1013 318 1035 omnes
340 1000 479 1045 fulvae,
506 1010 650 1048 praeter
665 1012 724 1035 eas
742 1006 780 1035 in
800 1012 986 1049 postrema
1006 1011 1108 1049 parte
1125 1009 1242 1049 crissi,
1268 1013 1305 1039 et
1318 1003 1505 1040 inferiores
1526 1005 1615 1040 colli
1637 1006 1804 1055 albidae,

188 1058 342 1093 rhachin
360 1056 501 1092 habent
517 1063 678 1105 nigram,
706 1057 834 1092 colore
860 1059 907 1094 ad
925 1065 1068 1107 apicem
1090 1059 1325 1096 subdilatato.

260 1115 436 1149 Dorsum
462 1124 620 1149 saturare
642 1120 853 1160 cinereum,
880 1116 929 1151 ad
954 1128 1134 1162 cyaneum
1162 1129 1334 1165 vergens,
1364 1117 1542 1154 nitidum:
1567 1119 1695 1156 rhachi
1716 1133 1806 1170 pen-

188 1184 319 1208 narum
333 1177 448 1219 nigra.
473 1171 722 1219 Uropygium
742 1171 868 1206 colore
887 1172 994 1207 dorsi.

263 1229 449 1274 Remiges
466 1232 688 1274 nigricantes
699 1255 707 1271 ,
725 1233 890 1275 margine
907 1228 1064 1263 albidae.
1086 1231 1210 1264 Tertia
1225 1242 1351 1264 remex
1366 1230 1597 1278 longIssima,
1612 1233 1676 1267 sed
1690 1239 1806 1281 prima

188 1292 249 1322 vix
269 1284 367 1319 cedit
387 1283 631 1332 longitudine.
668 1286 789 1319 Prima
819 1284 965 1333 pollicis
987 1284 1158 1320 distantia
1180 1285 1227 1320 ab
1247 1292 1351 1334 apice
1370 1293 1535 1334 margine
1554 1293 1727 1324 interiore
1751 1296 1807 1325 in-

189 1349 286 1377 cisa:
311 1341 472 1375 secunda
503 1339 677 1383 debilius,
704 1347 810 1374 tertia
831 1347 901 1374 vix.
931 1343 1052 1375 Prima
1074 1354 1200 1375 remex
1224 1348 1263 1376 in
1291 1349 1455 1389 margine
1478 1349 1651 1378 interiore
1681 1345 1807 1382 fascias

189 1397 290 1433 albas
309 1402 383 1432 sive
405 1393 569 1430 maculas
587 1394 635 1429 ad
657 1406 772 1443 usque
792 1394 1018 1443 crepidinem
1038 1401 1287 1443 pertingentes
1308 1407 1412 1443 oct0,
1433 1397 1547 1446 (forte
1562 1401 1718 1449 novem)
1741 1403 1807 1439 ha-

188 1455 265 1499 bet,
279 1453 433 1497 albidas,
448 1456 698 1487 minutissimis
714 1457 860 1500 punctis
874 1451 981 1487 fustis
998 1465 1224 1501 conspersas,
1247 1453 1346 1501 (non
1362 1459 1503 1501 niveas,
1525 1466 1566 1492 ut
1586 1463 1624 1492 in
1636 1458 1808 1505 falcone

191 1509 419 1556 cur-clarino.)
457 1508 632 1557 Reliquas
666 1520 780 1557 usque
805 1508 852 1543 ad
879 1518 1048 1545 octavam
1072 1515 1206 1558 pariter
1230 1510 1432 1548 maculatas
1454 1519 1597 1561 reperio
1634 1515 1807 1564 (maculis

190 1575 269 1605 sine
284 1567 396 1603 dubio
412 1565 679 1615 paucioribus.)

264 1623 537 1660 Secmzdariae
556 1632 592 1658 et
616 1628 785 1658 rectrices
807 1634 984 1668 cyaneae,
1012 1622 1111 1658 dorsi
1131 1623 1267 1660 colore.

266 1681 407 1716 Caada
417 1679 596 1728 aequalis,
611 1679 822 1715 rectricibus
838 1686 990 1715 cinereis
1002 1708 1010 1726 ,
1022 1685 1126 1728 apice
1145 1680 1257 1727 albis,
1271 1691 1358 1719 ante
1372 1694 1484 1732 quam
1494 1684 1602 1721 fascia
1618 1685 1690 1723 lata
1704 1716 1711 1733 ‚
1723 1688 1806 1737 pol-

191 1739 324 1783 licaris,
335 1743 447 1785 nigra.
459 1738 651 1772 Praeterea
668 1736 800 1772 fasciae
812 1742 956 1773 circiter
970 1749 1034 1772 sex
1046 1748 1239 1787 angustae,
1257 1740 1483 1789 irregulares,
1494 1748 1532 1778 in
1546 1754 1704 1792 quatuor
1719 1752 1807 1782 exti—

191 1801 261 1831 mis
284 1793 479 1842 remigibus
494 1804 638 1830 tantum
657 1799 696 1828 in
720 1799 896 1830 interiore
916 1800 1103 1843 margine,
1124 1796 1189 1832 sed
1208 1802 1246 1832 in
1264 1807 1423 1848 utroque
1442 1805 1481 1834 in
1500 1800 1641 1837 duabus
1660 1808 1804 1839 intimis.

271 1854 463 1888 Teccn‘ces
474 1851 661 1887 inferiores
675 1857 872 1887 rectricum
887 1881 895 1898 ‚
915 1858 989 1889 sive
1009 1863 1194 1890 extremae
1211 1867 1355 1903 pennae
1377 1862 1476 1892 crissi
1489 1857 1635 1895 albidae
1650 1887 1659 1906 ‚
1681 1861 1805 1895 rhachi

193 1915 316 1959 nigra,
344 1909 453 1944 fascia
477 1914 744 1955 cinerascente,
771 1909 920 1959 pallida.

268 1968 388 2002 Totae
415 1972 487 2001 avis
510 1966 669 2002 sedentis
696 1966 894 2015 longitudo
917 1967 1101 2017 pollicum
1124 1969 1321 2016 undecim,
1351 1977 1457 2007 rostri
1476 1971 1524 2009 ab
1543 1978 1647 2022 apice
1670 1974 1716 2008 ad
1741 1986 1806 2008 an-

194 2024 322 2073 gulum
337 2030 408 2059 oris
425 2023 605 2059 linearum
627 2035 770 2073 septem
790 2037 876 2060 cum
894 2024 1047 2061 dimidia
1063 2054 1071 2070 ‚
1089 2026 1137 2061 ad
1152 2026 1256 2062 basin
1274 2038 1424 2077 septem.

271 2083 412 2125 Tarsi,
429 2087 550 2117 antice
573 2088 778 2130 squamati,
809 2082 1012 2118 mediocres
1025 2111 1033 2127 ,
1054 2082 1288 2131 longitudine
1310 2086 1589 2135 quatuordecim
1616 2085 1804 2121 linearum.

204 2138 365 2186 Ungues
383 2151 511 2174 omnes
530 2140 702 2188 aequales
718 2169 727 2187 ,
750 2145 945 2188 nigerrimi.
975 2139 1090 2175 Color
1112 2147 1197 2177 tarsi
1217 2142 1490 2192 digitorumque
1515 2148 1708 2178 aurantius.

269 2197 344 2230 In's
366 2205 443 2231 tota
463 2202 575 2244 nigra.

1508 2257 1585 2291 1³2
