2054 2748
268 136 324 196 76
637 146 1111 181 onsznvarronas
1157 147 1516 182 zooLoemAE.

267 247 387 271 meam
407 233 602 281 involavit,
619 248 697 270 non
712 234 836 270 hostili
858 238 984 268 animo
1003 233 1042 269 id
1067 232 1161 268 fecit.
1188 234 1286 268 Nam
1305 233 1446 282 palpari
1468 233 1698 285 mulcerique
1715 243 1849 274 amavit
1861 266 1872 286 ‚

268 303 303 328 et
322 298 360 327 in
379 304 592 328 crumenam
610 305 731 327 meam
750 303 858 339 saepe
879 303 916 325 se
934 290 1139 327 introduxit
1160 290 1438 327 blandissimum
1456 293 1722 329 animalculum
1737 322 1747 341 ,
1776 307 1872 331 nun-

266 362 378 399 quam
392 349 512 384 ullum
531 349 688 384 moliens
708 361 880 384 morsum.

340 407 634 442 Mansuefactum
651 408 726 453 J'am
740 412 876 455 accepi.
894 407 988 442 Mox
1006 420 1145 443 nomen
1158 419 1265 443 suum
1287 413 1457 456 agnovit,
1485 417 1522 444 et
1536 419 1686 445 vocatus
1699 409 1870 446 adcurrit.

266 464 384 513 Saepe
409 477 557 513 quoque
580 476 658 498 non
681 473 831 498 vocatus
862 470 1017 500 accurrit
1043 475 1079 501 et
1109 465 1323 500 mendicans
1353 470 1393 499 in
1425 465 1538 513 pedes
1560 471 1782 514 posteriores
1803 472 1872 502 eri-

265 528 368 570 gitur.
388 525 537 569 Ignotos
558 519 696 555 multos
715 527 902 570 utriusque
920 533 1025 557 sexus
1040 550 1049 567 ,
1079 528 1189 558 etiam
1208 534 1320 557 unam
1335 521 1555 557 ancillarum
1573 522 1736 558 insiliens
1754 529 1873 559 amice

264 590 304 615 ut
323 579 512 615 videbatur
525 605 534 623 ‚
556 587 592 612 et
615 590 705 612 num
728 578 818 626 quid
840 578 952 613 edulii
970 578 1070 627 apud
1087 578 1191 614 illam
1205 583 1400 627 reperiret,
1428 590 1625 626 quaerens,
1650 580 1872 626 momordit,

264 649 343 671 non
374 646 495 670 tamen
514 643 555 669 ut
581 634 691 669 credo
711 634 837 671 hostili
860 641 985 671 animo
1002 663 1012 682 ,
1037 635 1102 671 sed
1121 641 1222 685 quasi
1246 645 1392 671 tentans
1421 647 1468 670 an
1492 635 1708 671 manducari
1732 647 1874 685 posset,

263 691 464 728 momordit
486 691 689 726 brachium.

335 750 561 784 Domesticis
590 749 685 784 adeo
715 748 900 785 familiaris
915 778 924 796 ,
955 759 996 784 ut
1018 748 1106 784 licet
1130 748 1234 785 avide
1253 760 1385 785 vorans
1400 776 1410 795 ,
1442 747 1605 786 vellicari
1629 761 1668 784 se
1689 755 1872 798 patiatur,

261 812 408 842 nonnisi
430 811 643 854 grunnitum
669 805 866 854 proferens

334 863 495 910 Quando
516 875 561 897 ex
581 876 690 898 cavea
709 863 898 898 desumere
913 873 950 899 et
968 868 1007 898 in
1027 862 1204 898 conclave
1223 872 1370 911 portare
1382 889 1391 907 ,
1404 871 1467 897 aut
1481 867 1592 897 etiam
1607 874 1653 897 ex
1667 861 1735 897 illo
1753 875 1873 899 rursus

261 925 299 955 in
325 931 432 955 cavea
447 919 514 954 sub
533 930 677 955 remoto
697 919 783 954 loco
808 926 926 968 posita
950 932 1127 968 reponere
1141 919 1261 963 volui,
1282 918 1476 954 brachium
1497 918 1616 954 obtuli
1637 924 1696 954 cui
1719 920 1872 966 insedit,

262 987 298 1011 et
314 976 487 1011 lubenter
503 989 541 1011 se
562 989 686 1024 passus
707 986 781 1021 est,
808 987 844 1010 et
866 976 1064 1024 tranquille
1082 976 1302 1023 plerumque
1315 1003 1323 1019 ‚
1350 975 1422 1009 hue
1444 974 1533 1009 illuc
1554 981 1701 1022 portari-i.
1719 976 1871 1012 Per-raro

261 1045 411 1081 quoque
431 1038 708 1068 cunctationem
726 1041 789 1066 aut
807 1038 1029 1066 renitentem
1050 1042 1227 1067 conatum
1246 1031 1366 1066 ullum
1392 1037 1431 1066 in
1453 1030 1520 1066 illo
1549 1030 1754 1078 observavi,
1781 1039 1872 1080 quin

261 1095 382 1138 potius
402 1100 534 1137 sponte
553 1101 702 1124 caveam
724 1101 843 1123 rursus
866 1088 1001 1123 insiliit.

335 1146 592 1194 Quandoque,
618 1157 740 1193 neque
760 1151 941 1190 irritatus,
977 1144 1148 1179 dentibus
1171 1144 1333 1190 frendet,
1359 1154 1394 1180 et
1420 1149 1533 1192 magis
1552 1153 1592 1179 ut
1612 1143 1705 1179 mihi
1729 1144 1872 1180 videtur

261 1203 389 1238 dentes
401 1203 588 1237 inferiores
603 1202 760 1237 mobiles
778 1202 826 1236 ad
844 1214 882 1235 se
898 1206 1074 1246 invicem,
1102 1214 1212 1249 quam
1229 1201 1275 1235 ad
1287 1207 1490 1249 superiores
1504 1200 1705 1236 allidendo.
1722 1203 1873 1248 Ignotos

260 1259 441 1307 quosdam
461 1286 469 1302 ‚
510 1263 706 1306 praecipue
736 1262 766 1292 si
794 1269 872 1291 non
906 1256 1144 1291 fidentissime
1170 1267 1319 1304 tangere
1344 1256 1483 1292 vellent
1502 1285 1511 1301 ,
1543 1257 1772 1292 momordit:
1812 1270 1872 1292 me

258 1327 439 1363 meosque
465 1320 495 1350 si
523 1320 633 1351 etiam
652 1319 793 1362 eripere
828 1325 940 1349 nuces
970 1312 1149 1351 vellemus
1170 1341 1180 1360 ,
1211 1323 1275 1349 aut
1301 1312 1438 1349 alicubi
1458 1312 1672 1349 haerentem
1694 1311 1874 1362 avellere,

259 1383 462 1419 nunquam.

330 1427 439 1462 Adeo
466 1435 677 1461 mansuetus
703 1434 830 1474 postea
855 1434 896 1460 ut
923 1435 1114 1472 nunquam
1143 1422 1395 1458 momorderit.
1440 1424 1571 1471 Neque
1597 1423 1799 1472 quidquam
1825 1438 1871 1461 ex

258 1483 489 1533 supellectile
509 1483 631 1530 lignea
653 1482 769 1518 aliave
785 1488 935 1527 arrosit,
956 1491 996 1516 ut
1014 1480 1133 1515 facere
1156 1479 1327 1514 solebant
1349 1491 1497 1524 omneS,
1522 1492 1615 1527 quos
1638 1480 1731 1515 olim
1754 1488 1870 1517 nutri-

259 1554 403 1585 veram3
441 1540 527 1575 licet
563 1545 602 1574 in
632 1552 741 1575 cavea
771 1538 905 1584 semel,
933 1537 1034 1586 quod
1061 1535 1250 1572 famelicus
1277 1545 1390 1583 esset,
1421 1545 1665 1573 transversum
1696 1537 1871 1574 baculum

259 1598 438 1648 pollicem
458 1609 616 1632 crassum
637 1606 757 1631 toturn
777 1600 984 1644 perroserit0

331 1657 469 1690 Mirum
486 1682 495 1699 ,
538 1653 636 1702 apud
666 1665 727 1687 me
760 1652 855 1687 nihil
888 1657 1056 1687 arrosisse
1076 1679 1084 1696 ,
1121 1661 1235 1700 quum
1273 1649 1358 1686 ideo
1392 1655 1530 1699 primus
1561 1662 1745 1698 possessor
1777 1651 1868 1687 mihi

259 1712 423 1756 dederit,
450 1716 532 1759 quia
554 1719 686 1745 cuncta
713 1715 913 1744 arrosierat.
937 1708 1001 1743 An
1028 1708 1066 1743 id
1088 1709 1196 1753 inde,
1224 1708 1327 1756 quod
1349 1707 1492 1755 aliquot
1517 1707 1702 1742 mensibus
1725 1718 1810 1743 ante
1830 1714 1869 1743 in

258 1782 366 1804 cavea
393 1767 557 1803 aluerim.
585 1767 758 1802 Fundum
782 1777 905 1801 tamen
933 1776 970 1800 et
992 1765 1113 1800 solum
1132 1776 1263 1800 caveae
1281 1764 1381 1813 apud
1401 1776 1461 1799 me
1489 1763 1627 1800 arrodit
1653 1770 1805 1811 misere,
1831 1773 1870 1801 et

258 1826 318 1863 fila
341 1827 416 1869 eius
436 1824 548 1859 sel-‘rea
573 1830 740 1859 tenuiora
759 1823 911 1871 ligantia
930 1822 1099 1857 rodendo
1118 1821 1302 1856 absumsit.

329 1882 475 1930 Paipari
509 1892 545 1916 et
577 1880 675 1916 scabi
705 1887 814 1916 etiam
838 1878 1046 1915 rudiuscule
1077 1884 1168 1912 mire
1198 1887 1309 1912 amat..

331 1940 463 1974 Factus
491 1938 641 1972 tandem
669 1938 763 1972 adeo
788 1945 998 1972 mansuetus
1020 1962 1027 1979 ,
1055 1945 1094 1969 ut
1121 1940 1156 1968 in
1183 1945 1282 1970 veste
1305 1947 1407 1979 mea,
1439 1933 1528 1968 dum
1560 1932 1725 1968 sederem
1747 1934 1867 1970 nidifi-

259 2006 378 2032 caret:
406 2005 445 2030 ut
463 1995 644 2040 vellicari,
672 2005 781 2043 caput
801 1993 986 2042 pedesque
1007 1991 1134 2027 leviter
1156 1998 1374 2039 comprimi,
1401 1997 1440 2025 in
1464 1990 1613 2025 dorsum
1638 1992 1736 2036 rejici
1766 2002 1866 2038 paie-

256 2064 354 2089 retur
374 2080 383 2097 ‚
417 2063 453 2088 et
480 2058 555 2100 ipse
584 2058 752 2087 innocuis
782 2050 961 2086 morsibus
990 2048 1237 2097 responderet.
1266 2048 1442 2083 Chartam
1471 2058 1532 2083 aut
1555 2047 1711 2082 linteum
1739 2058 1866 2083 nactus

257 2111 388 2159 palmis
417 2108 690 2157 prehendebat,
725 2106 971 2143 convolvebat
995 2116 1032 2142 et
1058 2111 1156 2140 miris
1184 2104 1335 2140 saltibus
1360 2103 1521 2140 ludebat.
1549 2104 1663 2151 Saepe
1687 2103 1866 2140 blandum

259 2173 472 2216 grunnitum
499 2167 594 2211 edit,
620 2164 694 2199 fere
714 2165 793 2200 felis
815 2178 929 2200 more

330 2224 475 2272 Palpari
489 2223 582 2259 adeo
602 2227 755 2268 amavit,
770 2231 809 2257 ut
823 2227 916 2257 inter
931 2218 1171 2256 mulcendum
1186 2217 1315 2255 oculos
1329 2214 1526 2256 clauderet.
1541 2219 1583 2255 In
1596 2228 1694 2255 veste
1715 2217 1865 2254 tandem
