2054 2748
271 120 355 176 264
640 124 1103 160 OBSERVATIONES
1148 125 1509 154 zooLocchE.

271 215 424 253 maculis
437 243 445 260 7
460 218 605 262 punctis
624 212 806 248 semorum
827 215 1072 258 posteriorum
1084 208 1258 244 undecim
1271 237 1279 253 ‚
1293 214 1452 256 squamis
1472 207 1712 254 ventralibus,
1731 220 1884 257 quarum

273 274 369 309 duae
389 271 532 307 mediae
553 276 661 306 series
681 278 765 304 sunt
786 266 898 316 paulo
917 271 1166 314 augustiores,
1190 266 1283 301 duae
1301 266 1404 312 juxta
1423 270 1565 314 positae
1587 264 1698 313 paulo
1719 265 1886 302 latiores:

273 331 381 378 digiti
399 335 514 377 magis
536 331 713 363 muricati.

348 453 499 486 Lacerta
521 446 623 494 agilis
651 443 794 489 viride,
817 455 910 492 quae
934 444 980 479 ab
1003 444 1090 493 agili
1114 450 1284 494 sequenti
1309 446 1476 479 Bar-rensi
1496 442 1650 492 aliisque
1676 442 1812 478 diversa
1835 447 1887 479 vi-

276 508 402 554 detur,
422 516 605 555 quamque
624 506 821 550 tantisper,
840 507 1041 537 memoriae
1061 515 1187 549 causa,
1206 511 1449 551 punctatum
1469 506 1617 547 vocavi,
1642 496 1742 535 eRtra
1758 505 1889 536 vitrum

277 565 397 601 adhuc
417 563 622 598 adcuratius
643 558 885 594 describenda
908 569 972 594 est.

351 621 461 656 Scuta
486 622 591 653 seriei
610 615 853 651 intermediae
876 615 1053 664 quadrata
1077 625 1181 661 sunt,
1206 625 1329 651 tamen
1351 616 1397 651 ad
1419 614 1563 650 nullam
1586 619 1792 662 specierum
1816 618 1891 655 104.

281 679 357 714 105.
385 675 458 712 ιώ.
479 677 654 709 Laurenti
673 679 870 721 pertinens.
907 671 1019 707 Scuta
1040 671 1132 706 haec
1151 678 1316 719 margine
1341 672 1486 707 laterali
1513 676 1686 706 exteriori
1707 680 1810 705 scuto
1834 675 1891 704 iu-

279 733 508 777 cumbentia,
535 735 680 779 punctis
703 735 814 777 nigris
834 728 968 774 tribus,
987 727 1152 776 pluribus
1170 729 1448 777 paucioribusve
1462 738 1599 764 notata.
1627 729 1788 775 Corpus,
1810 725 1894 761 sub-

278 800 335 827 tus
357 795 576 838 praecipue,
601 786 861 833 subcyaneum.

841 892 1336 925 COMPAnAcrlo.

330 990 505 1022 Lacertae
536 983 639 1031 agili
673 981 797 1016 viridi
828 981 977 1024 similis,
1013 993 1059 1014 ex

283 1042 380 1080 valle
405 1044 589 1082 Bari-ensi,
620 1049 714 1084 quae
743 1036 834 1070 mihi
858 1049 879 1071 a
908 1048 1057 1082 praece-

285 1098 398 1133 dente
417 1094 540 1137 viridi,
570 1091 772 1139 aliquando
801 1096 936 1138 pariter
958 1101 1059 1123 com-

285 1151 470 1202 paranda,
499 1149 639 1186 diversa
662 1147 815 1184 videtur.
844 1147 966 1182 Musei
992 1157 1062 1180 no-

287 1214 360 1245 stri.

598 1301 794 1309 ———-

341 1413 549 1460 Squamac
564 1408 631 1444 sub
642 1412 808 1454 margine
821 1405 995 1441 maxillae
1006 1411 1062 1439 in-

292 1469 432 1505 ferioris
453 1468 610 1511 majores
625 1472 792 1511 quatuor.

342 1525 549 1572 Squama&
569 1520 711 1568 gulares
731 1530 845 1566 usque
862 1517 908 1552 ad
928 1516 1065 1565 plicam

294 1580 460 1630 gularem
474 1582 747 1614 minutissimae.

343 1636 463 1671 Plt'ca
487 1633 620 1683 gularis
636 1644 682 1667 ex
703 1637 862 1680 squamis
882 1632 1066 1678 majuscu-

296 1693 340 1730 lis
360 1702 397 1728 et
414 1689 677 1738 subquadratis.

351 1919 451 1953 Post:
464 1916 617 1965 plicam
642 1923 800 1962 quatuor
814 1918 922 1947 series
936 1918 1071 1959 irregu-

304 1977 397 2011 lares
412 1983 645 2022 squamarum
658 1969 953 2017 majuscularum,
968 1979 1072 2003 aute-

304 2043 416 2080 quam
440 2034 548 2064 series
573 2037 759 2063 scutorum
778 2025 1072 2062 abdominalium

306 2092 498 2136 incipiunt.

356 2145 482 2180 Series
514 2149 714 2176 scutorum
749 2138 1075 2173 abdominalium

309 2202 459 2249 viginti
473 2227 485 2242 ,
517 2196 680 2245 singulae
714 2199 835 2231 scuris
867 2200 1075 2233 transversis

1170 984 1344 1016 Lacertae
1369 982 1687 1025 Ramsayancze,
1716 980 1821 1014 viridi
1848 986 1895 1014 si-

1123 1035 1235 1079 milis,
1262 1041 1380 1070 musei
1405 1041 1530 1070 nostri.
1558 1037 1616 1069 Ex
1632 1035 1803 1069 America
1816 1047 1898 1083 sep-

1124 1089 1339 1124 tentrionali
1370 1096 1446 1124 sine
1476 1089 1621 1135 dubio,
1657 1089 1755 1124 unde
1787 1091 1897 1127 credo

1125 1146 1345 1192 Ramsayum
1364 1145 1615 1180 professorem
1639 1145 1898 1194 Edinburgen-

1125 1214 1203 1237 sem
1231 1202 1422 1248 habuisse,
1454 1215 1501 1237 ex
1531 1203 1633 1247 cujus
1661 1214 1788 1236 museo
1817 1213 1900 1251 post

1128 1260 1203 1305 ejus
1217 1269 1376 1294 mortem
1391 1258 1500 1294 frater
1515 1257 1655 1294 habuit.
1675 1260 1717 1293 Iu
1732 1260 1807 1305 ejus
1821 1271 1898 1294 me-

1127 1321 1284 1350 moriam
1299 1321 1437 1351 vocavi.

1177 1407 1333 1441 Itidem.
1349 1406 1422 1441 Sed
1436 1408 1591 1452 majores
1602 1417 1790 1455 praeterea
1802 1417 1898 1444 retro

1128 1461 1308 1508 angulum
1328 1468 1410 1496 oris.

1177 1517 1335 1552 Itidem«.
1364 1517 1438 1553 Sed
1463 1530 1557 1566 quae
1585 1518 1716 1554 mediis
1742 1519 1900 1556 seriebus

1130 1579 1271 1622 positae
1288 1583 1395 1619 sunt,
1421 1574 1656 1620 majusculae.

1179 1630 1321 1665 Plicae
1349 1629 1490 1678 gulares
1514 1640 1603 1676 tres,
1627 1643 1781 1679 quarum
1809 1632 1902 1668 duae

1133 1692 1272 1734 primae
1288 1692 1327 1721 in
1352 1692 1502 1734 regione
1525 1699 1759 1735 squamarum
1780 1695 1902 1724 minu-

1134 1748 1371 1788 tissimarum3
1394 1749 1498 1779 tertia
1517 1749 1677 1792 squamis
1694 1745 1903 1791 majusculis

1134 1799 1403 1848 subhexagonis
1424 1805 1545 1835 antioc
1561 1807 1776 1849 posticeque
1790 1801 1916 1849 paulo?

1134 1857 1336 1891 minoribus
1354 1862 1502 1905 stipatis.

1182 1912 1283 1947 Post
1306 1913 1460 1959 plicam
1487 1919 1631 1948 tertiam
1663 1926 1772 1962 parva
1805 1922 1903 1964 regio

1138 1967 1329 2003 descendit
1369 1975 1464 2004 inter
1501 1979 1601 2005 scuta
1634 1970 1905 2019 abdominaha,

1137 2036 1230 2072 quae
1248 2030 1496 2061 minutissimis
1514 2032 1672 2075 squamis
1685 2026 1871 2064 formatur.

1187 2137 1312 2173 Series
1349 2147 1549 2173 scutorum
1582 2138 1906 2177 abdominczllnm

1139 2198 1331 2242 triginta·
1359 2193 1524 2242 singulae
1550 2197 1671 2231 scutis
1698 2204 1904 2235 transversis
