2054 2748
777 156 1167 186 MAMMALIA.
1745 161 1773 204 9

169 257 296 293 saepe,
321 248 448 292 priapo
478 251 604 278 tamen
631 253 710 278 non
737 240 869 276 ludens
896 250 959 275 aut
985 251 1163 286 tractans,
1190 245 1243 276 uti
1271 239 1408 275 faciunt
1433 240 1547 286 aliae,
1576 247 1645 279 nisi
1670 244 1772 293 quod

169 301 394 350 quandoque
416 305 517 348 quasi
537 312 614 333 11011
635 311 763 334 curans
782 307 845 332 aut
864 303 1036 344 segniter,
1059 304 1087 332 si
1103 299 1368 346 impedimento
1389 308 1481 333 esset
1500 325 1507 343 ,
1527 299 1575 334 ad
1593 300 1684 336 latus
1703 314 1772 349 po-

169 368 283 393 neret.
313 358 374 392 De
394 357 529 405 glande
547 369 654 404 supra
677 358 750 402 jam
769 355 918 390 dictum.

241 415 395 461 Frigoris
421 427 498 448 non
530 413 624 448 adeo
656 417 849 460 impatiens
880 420 943 445 est.
984 411 1152 446 Narravit
1183 413 1258 458 ejus
1288 411 1480 455 dominus,
1514 423 1596 445 eam
1622 411 1773 448 duranto

166 471 430 507 violentissima
450 478 684 518 tempestate,
706 480 800 516 quae
820 467 949 502 decem
969 473 1152 501 continuis
1174 468 1301 502 diebus
1322 481 1453 504 navem
1470 473 1638 515 agitavit,
1657 477 1693 502 et
1712 481 1774 515 per

168 541 280 563 omne
304 534 373 563 iter
400 533 438 562 in
459 538 602 562 summo
626 535 741 574 ponte
764 524 890 570 fuisse,
913 535 949 560 et
967 523 1144 559 imbribus
1163 524 1406 574 fluctibusque
1421 534 1632 560 constanter
1651 525 1775 560 made-

167 584 300 620 factam
319 591 356 620 in
373 589 520 632 regione
541 595 635 631 quae
653 584 727 630 jam
746 582 911 631 frigidior
932 592 1018 618 erat.

240 643 426 688 Quoniam
455 646 634 676 continuo
655 639 809 675 rodebat
834 639 1010 683 caudam,
1036 638 1134 673 haud
1157 637 1231 673 alio
1254 639 1368 674 modo
1394 639 1522 674 salvari
1541 645 1684 688 potuit,
1706 643 1776 673 nisi

165 709 206 734 ut
227 698 494 733 rescinderetur
524 698 658 742 cauda,
685 696 787 745 quod
809 696 857 730 ad
877 705 1035 744 quatuor
1064 705 1348 730 transversorum
1376 696 1574 744 digitorum
1604 696 1771 731 distantia

164 769 185 791 a
206 754 281 790 basi
303 754 440 789 factum
458 765 520 791 est.
549 756 647 789 Tum
671 767 776 799 vero,
805 759 853 788 ita
880 752 1003 787 retulit
1027 752 1218 797 dominus,
1242 753 1462 801 prehensam
1486 766 1597 787 manu
1618 752 1774 787 caudam

164 822 306 848 attenta
330 811 518 860 adspexit,
547 822 584 848 et
606 822 830 860 spectatores
857 815 1008 852 intuita,
1036 822 1117 844 eam
1142 816 1335 857 posteriori
1363 815 1525 858 corporis
1544 815 1637 858 parti
1657 808 1774 857 appli-

164 875 260 913 cuit,
287 869 451 903 indicans
478 869 525 904 ad
546 881 745 917 quamnam
766 873 928 916 corporis
954 873 1009 902 sui
1032 877 1174 920 partem
1201 877 1400 917 spectaret,
1426 877 1490 903 aut
1519 866 1649 902 dolens
1672 870 1774 916 quasi

163 925 325 961 ablatam
348 937 433 961 esse.
460 924 586 961 Allata
606 928 654 961 ex'
673 925 843 961 Surinam
866 934 951 960 erat.

236 1077 345 1111 Meus
365 1075 442 1112 Sai‘
457 1078 484 1112 ὰ
500 1091 622 1127 gorg&
644 1079 813 1114 blanche
837 1092 886 1114 ou
905 1080 931 1114 ὰ
956 1077 1115 1119 collier‚
1141 1077 1284 1111 Parisiis
1309 1076 1409 1112 1800.
1429 1083 1621 1123 acceptus,
1648 1071 1773 1108 Busfo-

161 1137 292 1168 nianae
313 1139 411 1169 iconi
435 1136 514 1170 XV.
540 1136 612 1172 tab.
642 1138 706 1172 IX.
731 1137 857 1172 colore
878 1135 1097 1184 respondet3
1125 1133 1190 1168 sed
1218 1146 1295 1168 non
1318 1138 1560 1181 proportione
1584 1136 1709 1179 capitis
1739 1139 1775 1164 et

161 1190 450 1238 physiognomia.
479 1195 598 1241 Caput
625 1206 705 1228 non
729 1194 822 1229 adeo
852 1204 1012 1228 crassum
1037 1201 1073 1226 et
1092 1191 1283 1235 obtusum,
1312 1190 1437 1224 nullae
1458 1200 1637 1225 verrucae.
1666 1187 1773 1221 Sinus

161 1252 303 1281 verticis
332 1254 486 1282 omnino
519 1255 557 1283 111
585 1250 747 1286 frontem
774 1250 985 1297 productus.
1022 1249 1181 1293 Occiput
1207 1246 1470 1293 prominulum.
1505 1243 1702 1279 Auriculae
1725 1242 1773 1277 ad

161 1302 265 1337 basin
292 1309 515 1339 anteriorem
543 1304 725 1342 barbatae.
760 1306 876 1353 Regio
901 1303 1095 1339 oculorum
1117 1301 1227 1337 nuda.
1256 1300 1381 1337 Gauda
1407 1298 1667 1349 perfectissime
1690 1310 1771 1347 pre-

160 1358 320 1394 hensilis.

677 1443 910 1499 SIMIA
965 1442 1254 1486 SINICA.

235 1551 294 1586 Ex
311 1549 451 1585 duabus
476 1549 597 1586 Simiis
616 1554 759 1597 sinicis,
782 1564 871 1600 quas
899 1550 968 1585 Ao.
987 1552 1020 1585 8.
1046 1548 1193 1597 (1800.)
1222 1547 1386 1592 obtinui,
1412 1546 1574 1596 aequalis
1592 1553 1773 1596 magnitu-

159 1608 276 1653 dinis,
299 1607 391 1642 alter
416 1621 504 1643 mas
530 1608 657 1643 colore
683 1618 736 1643 est
756 1614 873 1656 griseo
899 1607 1081 1642 Mustelae
1109 1608 1261 1650 Lutrae,
1284 1604 1454 1640 dentibus
1476 1604 1632 1640 laniat-iis
1654 1605 1773 1654 longis

160 1664 408 1713 fortibusque,
430 1665 551 1701 fronte
576 1678 684 1714 super
710 1666 840 1701 oculos
862 1665 969 1700 valde
996 1668 1200 1707 eminente,
1231 1674 1395 1710 nasoque
1423 1661 1774 1710 perpendiculariter

160 1722 234 1757 fere
249 1722 440 1756 insidente.
468 1725 510 1757 In
525 1722 653 1757 frontis
675 1735 737 1757 ora
759 1722 823 1771 pili
839 1727 1074 1757 circumcirca
1096 1725 1217 1755 erecti.
1245 1722 1363 1768 Caput
1382 1724 1418 1753 in
1434 1724 1641 1753 universum
1657 1721 1771 1765 majus

160 1779 383 1827 fortiusque,
407 1778 517 1813 facies
538 1791 706 1827 prorsum
724 1779 806 1828 pilis
825 1778 997 1815 tenuibus
1016 1777 1151 1820 obsita;
1177 1782 1340 1825 superius
1359 1781 1500 1811 aurium
1521 1782 1773 1825 posteriusque

160 1849 317 1872 acumen
335 1835 487 1884 paulum
509 1841 649 1871 acutius
664 1864 673 1881 ,
696 1849 874 1885 auresque
898 1841 1052 1870 omnino
1073 1833 1225 1883 paulum
1245 1839 1481 1881 angustiores.
1509 1832 1605 1868 Calli
1630 1840 1768 1869 natium

160 1893 303 1928 fortiter
322 1898 548 1937 eminentes,
573 1893 827 1941 magnitudine
849 1893 986 1928 fructus
1010 1902 1212 1927 castaneae.

233 1949 359 1984 Altera
366 1949 531 1995 semina
549 1949 800 1994 rubro-susea3
817 1950 945 1985 dentes
965 1955 1087 1984 canini
1109 1947 1342 1996 longitudine
1357 1961 1435 1983 non
1456 1958 1667 1997 superantes
1683 1948 1769 1983 den-

161 2017 215 2042 tes
236 2012 420 2041 incisores.
449 2008 574 2041 Facies
590 2013 771 2042 contraria
791 2007 1043 2055 praecedentis
1056 2035 1064 2050 ,
1079 2012 1195 2054 parcis
1216 2005 1298 2054 pilis
1317 2005 1454 2051 obsita,
1469 2006 1606 2053 angulo
1623 2004 1770 2040 frontali

161 2076 286 2111 parum
312 2068 586 2111 proeminente,
605 2063 708 2099 labiis
732 2078 860 2113 parum
878 2063 1097 2113 prominulis
1111 2077 1119 2107 3
1134 2063 1205 2098 alia
1225 2069 1262 2097 in
1278 2068 1484 2098 universnm
1505 2063 1766 2112 physionomia.

232 2121 345 2154 Nates
367 2120 518 2168 planae,
545 2120 683 2169 absque
704 2121 806 2156 callis
830 2120 1157 2170 proeminentibus.
1185 2122 1227 2155 In
1246 2133 1358 2155 manu
1378 2121 1505 2156 dextra
1525 2129 1666 2168 praeter
1684 2118 1768 2166 pol-

163 2174 272 2209 licem
294 2186 365 2210 tres
393 2187 538 2212 tantum
564 2178 697 2227 digitos
722 2178 860 2225 habet,
885 2178 1024 2227 absque
1053 2182 1156 2225 signo
1187 2177 1289 2224 loci,
1316 2190 1390 2227 quo
1424 2187 1571 2226 quartus
1599 2181 1765 2211 extiterit.

165 2231 186 2280 (
201 2232 351 2267 Transl.
373 2232 501 2280 Edit.)

1497 2291 1525 2324 Β
