2054 2748
779 179 1170 208 MAMMALIA.
1728 182 1782 224 29

175 276 314 304 vorant.
342 264 403 301 Sic
422 273 458 300 et
473 268 653 300 exsiccata
668 275 784 312 pruna
805 262 1031 297 damascena.
1058 263 1243 297 Posterior
1257 266 1369 296 etiam
1389 273 1500 296 nuces
1520 262 1627 308 hujus
1646 264 1781 300 fructus

174 331 333 372 integras
358 332 483 367 vorat,
511 327 622 357 etiam
650 321 713 356 ubi
737 325 904 369 antiquas
929 329 965 354 et
992 324 1203 354 siccissimas
1230 325 1373 368 reperit.
1401 320 1547 353 Pastam
1575 332 1658 354 cum
1687 327 1781 367 ovis,

173 381 290 425 lacte,
322 392 419 428 aqua
446 391 629 424 rosarum,
656 378 806 413 crudam
834 375 1087 412 lubentissime
1116 376 1255 411 lambit.
1290 378 1412 411 Mater
1438 388 1563 411 earum
1594 390 1679 411 cuin
1701 379 1782 413 filiis

173 436 345 472 lubenter
377 436 493 472 edunt
519 448 674 472 caseum.
700 434 825 479 Alius,
857 445 983 469 earum
1010 445 1163 481 procus,
1191 445 1301 483 quem
1325 445 1389 482 per
1416 433 1559 482 aliquot
1588 433 1663 468 dies
1690 435 1782 479 alui,

173 503 388 529 constanter
406 503 556 528 recusat.
587 492 743 539 (Nonne
768 490 861 527 forte
888 490 987 526 idem
1005 489 1113 527 fuerit
1132 496 1172 526 in
1196 492 1295 526 Pane
1315 490 1549 536 animalium,
1569 501 1610 527 ut
1632 490 1704 526 alia
1729 505 1783 526 re-

171 551 300 596 jiciant
312 580 320 595 ,
342 563 436 599 quae
455 548 616 585 arrident
634 547 713 583 aliis
723 547 760 596 Ὗ)

246 607 431 643 Lubenter
448 605 663 642 saccharum
680 614 820 642 vorant.
847 605 933 642 Una
954 616 1119 640 mearum
1141 614 1240 641 amat
1260 611 1468 641 cerevisiam
1491 604 1673 650 lambere,
1694 610 1786 654 quin

172 673 209 699 et
227 669 393 712 spiritum
413 674 622 698 cerasorum
638 676 717 698 non
734 667 871 711 respuit
883 691 891 707 ,
917 663 981 698 sed
1000 662 1105 698 faciei
1117 662 1304 698 musculos
1325 674 1361 698 et
1375 663 1473 699 labIa
1489 663 1785 711 contorquendo,

171 730 213 755 ut
231 726 372 767 ingrate
391 719 487 755 affici
506 719 681 755 videatur.
709 720 855 754 Tamen
875 732 959 754 curn
983 719 1184 767 cupiditate
1203 719 1327 768 aliqua
1351 726 1385 755 in
1412 720 1475 755 illa
1496 719 1617 755 fertur.
1644 720 1786 754 Eadem

170 781 220 812 sic
235 785 272 811 et
290 778 366 822 ejus
380 776 455 811 filia
473 776 620 812 nullum
634 776 757 812 cibum
776 781 890 824 magis
905 785 1106 825 appetunt,
1125 788 1237 824 quam
1251 777 1576 811 commanducatas
1593 789 1676 811 cum
1689 789 1785 824 pane

170 832 384 881 juglandes,
399 843 460 868 aut
475 843 512 869 et
527 846 674 869 caseum
689 833 798 869 simili
816 833 931 868 modo
953 845 1037 868 cum
1052 845 1147 881 pane
1165 846 1334 868 mansum
1349 862 1357 879 ,
1376 843 1417 869 ut
1431 846 1491 868 me
1508 832 1597 867 haec
1613 833 1786 869 edentem

169 895 344 925 irretortis
370 890 486 925 oculis
514 890 738 939 adspiciam,
768 902 882 939 quum
910 889 1139 939 praebiturus
1165 890 1311 934 videor,
1338 889 1435 925 labia
1454 889 1577 937 lingua
1601 889 1785 936 lambant,

170 957 207 982 et
222 953 260 981 in
274 947 481 995 praebentis
499 959 629 983 manus
644 947 750 983 avide
774 953 921 983 irruant.
948 949 1071 982 Mater
1089 952 1200 982 etiam
1215 976 1224 992 ,
1245 948 1347 994 juxta
1372 958 1433 981 me
1456 945 1609 991 sedens,
1632 947 1784 982 simulac

168 1015 229 1038 me
255 1003 346 1038 haec
366 1004 475 1039 edere
499 1004 620 1049 videt,
646 1004 743 1053 pede
756 1017 816 1039 me
835 1004 956 1052 pulsat
971 1003 1161 1052 scabitque
1182 1014 1221 1039 ut
1245 1013 1396 1038 moneat
1416 1016 1464 1038 ne
1485 1008 1538 1038 sui
1559 1002 1761 1039 obliviscar.

241 1060 326 1095 Alia
356 1066 538 1109 carpionis
567 1071 678 1109 caput
705 1071 741 1096 et
770 1061 923 1109 harengi
954 1061 1029 1096 sale
1057 1061 1233 1110 fumoque
1274 1060 1415 1096 conditi
1448 1070 1571 1096 cutem
1603 1071 1787 1110 caputque

167 1117 272 1153 avide
288 1124 436 1154 voravit.
463 1119 589 1164 Quum
608 1131 786 1167 saponem
811 1124 1064 1154 comminuere
1085 1119 1223 1154 videret
1239 1147 1247 1164 ,
1263 1118 1493 1154 mendicatus
1514 1128 1587 1164 est,
1611 1128 1648 1154 et
1672 1131 1787 1167 quum

167 1173 421 1223 praeberetur,
448 1181 613 1221 voravit,
646 1176 825 1225 avideque
853 1176 935 1225 plus
962 1182 1078 1225 petiit.
1104 1176 1247 1211 Eadem
1269 1182 1403 1211 amavit
1429 1188 1541 1211 nuces
1570 1175 1785 1223 juglande53

168 1237 279 1265 etiam
298 1244 411 1266 nuces
430 1239 540 1279 pruni
559 1233 801 1268 damascenae
821 1233 993 1268 dentibus
1015 1233 1187 1268 lubenter
1213 1233 1413 1279 confregit,
1433 1232 1662 1279 nucleosque
1680 1245 1784 1267 vora-

167 1293 239 1329 vit,
268 1294 296 1321 si
324 1288 413 1334 quid
440 1289 577 1335 pulpae
604 1290 843 1333 adhaereret,
872 1295 1033 1335 integros
1064 1288 1244 1334 deglutiit.
1282 1288 1477 1322 Melonem
1507 1299 1656 1334 quoque
1684 1287 1785 1323 haud

168 1353 384 1377 cunctanter
404 1350 554 1378 voravit.

238 1396 333 1431 Edit
350 1397 553 1442 farinosa.
579 1396 697 1430 Lz'tm.
740 1396 866 1441 Quum
895 1395 965 1430 Ao.
994 1399 1094 1442 1794.
1127 1395 1194 1442 (A.
1216 1395 1267 1443 2.)
1297 1407 1439 1431 summa
1471 1407 1564 1432 esset
1591 1399 1690 1446 apud
1719 1413 1785 1435 nos

166 1459 283 1489 carnis
312 1458 486 1501 penuria,
511 1451 675 1500 undique
696 1457 875 1500 quoniam
896 1464 1039 1486 eramus
1066 1450 1203 1496 clausi,
1229 1452 1396 1487 canicula
1422 1464 1504 1488 mea
1534 1453 1628 1488 fame
1657 1467 1785 1492 coacta

165 1511 347 1545 farinacea
376 1509 527 1558 quidem
559 1509 672 1557 (quos
700 1508 922 1544 vermiculos
947 1508 1122 1553 dicimus,
1159 1508 1358 1554 [Nudeln,]
1389 1509 1491 1544 domi
1523 1522 1568 1545 ex
1594 1521 1695 1559 pasta
1723 1519 1785 1560 qui

165 1565 449 1616 praeparantur)
471 1572 634 1611 voravit,
661 1565 726 1601 sed
746 1572 909 1601 evomuit
932 1575 1015 1614 post
1035 1565 1190 1614 aliquod
1212 1576 1364 1615 tempus.
1393 1568 1631 1603 Masticatum
1649 1582 1784 1617 panem

165 1624 273 1659 valde
294 1629 449 1667 amavit,
474 1629 670 1671 praecipue
692 1633 851 1658 crustam
878 1633 914 1658 et
937 1634 1069 1671 panem
1093 1622 1315 1669 secalinum,
1336 1635 1428 1672 quos
1448 1630 1559 1659 etiam
1583 1638 1661 1659 non
1682 1638 1784 1661 com-

165 1693 313 1716 mansos
326 1681 419 1725 edit,
434 1691 496 1715 aut
513 1690 548 1715 et
564 1686 699 1715 micam
714 1690 919 1723 recentem3
934 1680 997 1714 sed
1009 1692 1093 1714 cum
1106 1679 1340 1727 juglandibus
1354 1687 1585 1716 masticatum
1597 1689 1783 1719 recusavit.

237 1739 398 1784 Digeric
413 1750 514 1772 ossa.
544 1739 713 1773 Narravit
728 1738 817 1772 mihi
833 1749 963 1785 parens
978 1749 1080 1771 meus
1095 1750 1115 1772 a
1129 1737 1275 1772 medico
1288 1750 1353 1772 suo
1370 1738 1463 1786 (von
1476 1739 1658 1787 Lindern)
1677 1740 1784 1775 illum

164 1794 246 1830 alea
265 1794 390 1828 lusisse
406 1822 415 1838 ,
437 1804 609 1828 tesseram
623 1800 661 1828 in
681 1804 816 1829 terram
831 1794 1009 1829 decidisse
1026 1807 1095 1829 nec
1114 1804 1296 1842 repertam
1317 1808 1402 1830 esse.
1431 1796 1687 1844 Suspicionem
1701 1810 1782 1833 mo-

165 1861 241 1886 tam
262 1863 358 1895 esse,
390 1850 606 1885 devoratam
633 1850 740 1886 fuisse
767 1864 788 1886 a
817 1863 917 1886 cane.
945 1851 1135 1886 Dissectus
1161 1861 1232 1897 cst,
1258 1862 1295 1888 et
1321 1853 1551 1901 semidigesta
1572 1866 1712 1903 reperta
1731 1866 1783 1891 est

164 1917 299 1943 tessera
322 1907 492 1943 eburnea.

247 1965 395 2000 Ulzclac
412 1965 468 2000 ad
491 1968 700 2000 musicam.
726 1965 846 2001 Limz.
871 1968 979 2002 Certe
1001 1980 1078 2003 non
1101 1978 1247 2001 omnes:
1275 1967 1349 2003 vidi
1373 1974 1607 2005 contrarium.
1635 1971 1780 2005 Eodem

165 2024 243 2069 jure
273 2032 418 2070 poterat
444 2023 587 2057 dicere:
616 2035 694 2057 non
717 2021 784 2057 fert
810 2023 973 2059 afflatum
996 2030 1034 2058 in
1057 2023 1210 2069 faciem,
1233 2031 1362 2061 avertit
1385 2039 1423 2061 se
1442 2027 1488 2061 ab
1512 2027 1638 2063 ablato
1665 2040 1778 2062 vacuo

166 2085 281 2122 vitm,
307 2080 466 2115 oblatrat
487 2081 606 2129 digitis
626 2079 794 2115 furcatim
814 2088 1002 2129 protensis.

239 2138 325 2171 Mea
350 2137 536 2182 canicula,
568 2143 860 2187 quotiescunque
886 2139 959 2174 sere
991 2138 1231 2175 clavichordii
1261 2151 1486 2176 concentum
1513 2141 1679 2183 audiret,
1715 2152 1778 2174 vo-

168 2191 235 2226 luit
261 2203 344 2240 post
372 2201 551 2230 musicum
580 2201 618 2231 in
647 2195 733 2230 sede
764 2201 874 2244 ipsius
908 2196 1066 2242 cubare,
1095 2210 1164 2233 nec
1193 2198 1355 2246 flagitare
1386 2198 1511 2243 desiit,
1547 2197 1666 2231 donec
1697 2209 1777 2232 mos

168 2259 359 2295 gereretur.
