2054 2748
283 150 338 194 82
642 153 1115 188 OBSERVATIONES
1159 154 1527 187 zooLOGICAE.

356 247 482 292 Quum
497 243 697 291 aliquando
717 248 754 277 in
773 239 939 276 conclavi
961 238 1067 275 valde
1086 238 1354 274 mansuefactus
1375 239 1488 275 libere
1502 240 1737 288 discurreret,
1758 244 1894 281 accidit

283 314 322 339 ut
343 303 390 338 ad
411 302 605 337 fenestram
625 298 842 346 tranquillus
862 306 985 331 erecto
1001 302 1071 331 situ
1091 296 1257 341 sederet,
1275 306 1312 331 et
1331 295 1473 332 elevato
1498 310 1573 332 uno
1593 298 1688 347 pede
1709 306 1893 336 anteriore

282 366 526 396 attentionem
551 363 775 405 exprimens,
804 361 843 389 in
866 353 1055 402 publicum
1081 359 1325 402 prospiceret,
1352 353 1447 390 ultra
1470 353 1583 390 horae
1602 361 1796 392 minutum.
1824 358 1892 392 At-

283 430 355 466 que
375 417 412 452 id
436 423 573 451 iterato.

357 474 523 510 Palmam
552 469 707 505 alteram
737 468 795 505 vel
827 478 1020 517 utramque
1047 473 1189 516 pectori
1216 467 1403 517 applicat,
1438 468 1527 503 dum
1559 479 1720 505 attentus
1748 476 1787 506 in
1818 482 1895 506 rem

283 531 445 581 aliquam
463 538 523 563 est.

358 587 499 623 Aniaea
525 595 717 632 nunquam
735 583 946 628 adscendit,
966 587 1019 618 uti
1043 582 1178 618 fecerat
1197 582 1291 618 alter
1309 588 1396 628 iste,
1420 586 1483 631 qui
1502 587 1541 617 in
1564 595 1708 618 summo
1733 582 1897 619 culmine

283 657 318 682 et
338 656 453 694 prope
473 647 793 690 contignationem
812 641 939 676 sedere
963 639 1120 675 amabat.

354 700 564 735 Videndum
582 712 630 734 an
650 698 762 734 fames
788 698 910 743 fuerit,
930 710 1024 746 quae
1044 697 1134 731 hora
1153 701 1358 745 vespertina
1385 708 1486 730 nona
1512 695 1692 744 prioribus
1719 698 1896 732 Brumarii

281 758 408 795 diebus
427 756 551 792 adhuc
564 755 712 803 vigilem
727 755 823 791 fecit.
850 758 948 791 Nam
968 766 1104 803 panem
1122 766 1166 788 eo
1186 763 1353 801 tempore
1368 752 1574 801 praebitum
1588 753 1693 788 avide
1713 753 1797 788 edit.

356 817 424 850 Ista
448 814 718 859 dormitur-itio,
738 814 831 861 quae
849 818 887 847 in
915 811 1031 847 altero
1057 817 1126 847 isto
1147 815 1440 846 mansuetissimo
1460 809 1571 856 olim,
1592 822 1785 858 nunquam
1803 809 1896 845 mihi

282 872 473 908 observata
499 876 536 905 in
557 870 639 905 hoc.

354 930 495 964 Octava
516 927 607 962 hora
627 933 806 961 matutina
826 926 1047 975 plerumque
1062 937 1194 960 somno
1215 923 1336 959 adhuc
1359 932 1436 959 erat
1458 921 1631 970 sepultus.
1650 923 1749 957 Tum
1769 921 1897 957 oculos

282 985 432 1029 fricanS,
460 990 639 1027 oscitans,
660 983 903 1030 pandiculans
922 983 1011 1016 nido
1037 988 1135 1016 exiit.

357 1043 483 1088 Quum
508 1046 608 1088 prior
624 1039 688 1074 ille
713 1038 804 1073 olim
830 1044 1006 1083 nutrituS,
1033 1038 1096 1073 ubi
1119 1047 1241 1087 pastus
1261 1046 1379 1082 esset,
1405 1041 1444 1070 in
1463 1035 1550 1070 ioco
1569 1035 1695 1083 aliquo
1721 1035 1899 1071 dormiret

283 1110 491 1146 somnoque
518 1096 681 1144 sepultus
708 1097 869 1142 jaceret,
896 1095 955 1129 hic
977 1107 1120 1143 semper
1148 1099 1391 1131 vivacissimus
1413 1105 1605 1141 nunquam
1629 1105 1667 1127 se
1689 1098 1804 1140 quieti
1827 1103 1899 1129 tra-

284 1155 387 1191 didit.
416 1156 549 1190 Postea
576 1164 701 1188 tamen
721 1158 759 1187 in
781 1159 862 1187 sinu
883 1164 967 1186 meo
992 1158 1136 1200 quievit.

356 1211 474 1247 Pedes
493 1210 732 1254 madefacere,
753 1220 793 1244 ut
813 1209 937 1243 cibum
960 1221 1006 1242 ex
1032 1221 1114 1244 vase
1135 1221 1230 1256 aqua
1252 1207 1365 1256 pleno
1382 1205 1569 1252 extrahat,
1582 1218 1661 1241 non
1677 1205 1898 1241 reformidat.

356 1269 515 1315 Mingit,
539 1272 635 1301 inter
655 1266 897 1309 currendum,
922 1277 1040 1313 parce.

355 1325 483 1359 Rarius
503 1322 776 1371 supellectilem
796 1327 1035 1366 comminxit,
1062 1320 1179 1356 sedin
1199 1320 1377 1367 angulum
1396 1319 1581 1356 conclavis
1600 1325 1763 1365 secessit,
1784 1319 1900 1355 oculis

282 1380 488 1417 nictitando
517 1379 749 1424 voluptatem
778 1383 881 1423 quasi
913 1383 1130 1423 exprimens.
1158 1377 1243 1408 Vidi
1274 1386 1399 1409 tamen
1426 1381 1538 1408 etiam
1559 1388 1668 1422 super
1691 1376 1817 1411 tabula
1848 1377 1896 1412 ad

283 1437 479 1473 fenestram
499 1440 662 1481 mingere
685 1443 722 1467 et
742 1445 868 1467 cacare
887 1445 1002 1466 unum
1025 1431 1291 1467 stercusculum
1307 1460 1316 1476 ,
1352 1431 1552 1479 tranquille
1581 1431 1754 1468 sedendo.

357 1496 476 1541 Caput
500 1490 595 1540 pede
611 1496 813 1539 posteriore
830 1502 913 1523 eum
935 1489 1099 1536 scalpere
1115 1515 1124 1533 ,
1150 1487 1264 1522 semel
1288 1493 1443 1521 omnino
1467 1487 1540 1522 vidi
1561 1515 1570 1533 ,
1596 1497 1660 1522 aut
1679 1488 1898 1536 aliquoties,

284 1551 347 1586 sed
374 1562 465 1584 raro.

356 1609 444 1641 Non
461 1610 574 1640 comit
587 1617 624 1639 se
638 1616 767 1638 manus
782 1603 893 1638 saliva
913 1601 1164 1636 humectando
1185 1611 1220 1636 et
1239 1612 1343 1635 aures
1366 1600 1570 1649 faciemque
1590 1600 1834 1649 abstergendo
1859 1613 1900 1640 ut

284 1664 345 1700 alii
371 1663 476 1711 glires
500 1662 617 1696 facere
644 1661 773 1696 solent.
802 1659 968 1694 Caudam
994 1672 1075 1694 raro
1105 1658 1271 1694 manibus
1295 1664 1461 1706 stringit,
1496 1664 1590 1706 ipsas
1612 1658 1753 1706 palmas
1780 1672 1898 1708 quan-

283 1721 408 1768 doque
432 1719 540 1754 lavat.

357 1779 518 1811 Eatenus
542 1787 691 1824 quoque
710 1774 923 1810 immundus
938 1802 947 1819 ,
973 1773 1075 1823 quod
1091 1779 1129 1808 in
1145 1785 1253 1808 cavea
1272 1777 1428 1821 spatiosa
1445 1799 1453 1816 ,
1480 1771 1692 1806 educationi
1720 1771 1897 1818 fringilla-

284 1846 366 1871 rum
391 1839 617 1868 canariarum
643 1833 782 1877 dicata,
810 1844 924 1880 quum
953 1837 990 1865 in
1019 1844 1094 1865 uno
1114 1830 1251 1878 angulo
1282 1829 1411 1864 nidum
1434 1841 1478 1863 ex
1504 1827 1670 1863 cannabe
1699 1838 1735 1863 et
1765 1835 1898 1864 muscis

284 1891 459 1936 haberet,
482 1896 519 1924 in
538 1895 710 1938 opposito
731 1889 919 1925 vasculum
941 1901 1034 1936 aqua
1051 1887 1204 1935 plenum
1220 1899 1364 1935 semper
1379 1886 1455 1921 nidi
1471 1885 1712 1933 ciborumque
1736 1885 1899 1933 partibus

285 1949 439 1998 plenum
461 1976 468 1993 ,
500 1958 536 1982 et
569 1954 757 1995 regionem
783 1952 1018 1989 circumcirca
1047 1944 1234 1979 madidam
1262 1944 1411 1989 habuit,
1438 1948 1601 1992 quamvis
1623 1956 1683 1977 vas
1707 1955 1898 1990 nunquam

286 2006 519 2049 subverterit,
540 2018 661 2053 neque
676 2012 713 2039 in
734 2005 827 2040 illud
842 2003 1019 2038 insiluisse
1032 2031 1040 2047 ,
1055 2012 1091 2036 et
1111 2002 1222 2050 pedes
1239 2003 1468 2049 caudamque
1483 2000 1720 2035 madefecisse
1732 2000 1894 2035 viderim.

357 2065 399 2098 In
414 2075 522 2097 arena
540 2090 548 2106 ,
577 2075 646 2110 qua
668 2076 776 2097 cavea
800 2064 876 2108 ejus
901 2060 1212 2109 conspergebatur
1226 2087 1234 2103 ,
1262 2059 1495 2106 cupidissime
1511 2071 1548 2093 se
1564 2057 1750 2093 volutavit.

359 2120 502 2155 Saltum
524 2120 674 2154 molitus
698 2131 750 2154 est
770 2127 932 2168 quinque
948 2118 1109 2167 pedum,
1137 2129 1205 2151 nec
1228 2129 1373 2164 prorsus
1397 2120 1525 2162 attigit.
1554 2114 1788 2161 Quandoque
1815 2122 1896 2147 toto

284 2177 484 2213 abdomine
504 2176 607 2211 humi
630 2187 780 2211 extenso
797 2205 804 2219 ,
833 2182 1024 2224 capiteque
1043 2185 1235 2224 porrectO,
1257 2176 1445 2222 terraeque
1459 2171 1645 2221 applicato
1665 2172 1780 2219 jacet,
1795 2169 1897 2219 quod

285 2235 377 2271 alter
401 2235 464 2270 ille
496 2241 596 2283 prior
617 2234 751 2269 eodem
776 2234 890 2268 modo
913 2233 1030 2268 facere
1060 2231 1211 2268 solebat.
