2054 2748
901 137 1115 168 AVES.
1742 140 1817 184 597

278 227 476 262 Reccrices
510 223 736 268 duodecim,
761 222 1011 267 brevissimae,
1035 220 1176 257 duabus
1202 220 1427 256 intermediis
1452 226 1614 268 margine
1636 229 1816 259 exteriore

207 285 352 320 macula
374 290 504 331 exigua
530 281 725 319 albicante.
763 282 948 317 Tectrices
977 292 1103 315 earum
1129 284 1331 328 superiores
1357 287 1394 314 et
1419 277 1607 314 inferiores
1636 280 1815 328 plurimae

208 341 351 390 longae.

278 399 454 433 Plumae
474 404 652 434 cinereae.

277 455 405 491 Pedes
427 455 710 491 subvirescentes
730 452 856 488 lobati.
890 449 1094 486 Armillae
1116 449 1244 485 fulvae.
1287 450 1451 497 Ungues
1470 454 1688 498 compressi,
1708 459 1813 488 acuti.

278 512 360 547 Alis
379 513 608 548 vulneratam
632 511 738 546 fuisse
766 522 843 545 non
864 508 1074 552 observavi,
1099 520 1168 541 nec
1189 506 1303 541 defuit
1321 519 1446 541 remex
1463 507 1548 542 ulla.
1576 508 1718 542 Tamen
1739 522 1817 544 non

203 567 361 615 volavit,
384 569 449 605 sed
468 569 581 604 libere
605 574 644 603 in
671 580 755 603 area
783 570 961 610 cucurrit,
988 564 1089 600 collo
1109 574 1318 599 antrorsum
1337 574 1534 612 protenso,
1562 564 1626 599 alis
1647 566 1807 613 quando>

203 637 277 673 que
297 631 465 660 extensis.
491 624 676 660 Lubenter
703 636 741 660 se
769 623 836 659 sub
856 622 1020 671 virgultis
1044 621 1315 666 abscondebat,
1340 621 1403 656 ubi
1434 621 1631 669 tranquilla
1657 622 1815 657 sedebat.

204 683 366 716 Incessus
384 680 503 727 celer,
533 693 612 715 non
633 686 776 729 ineptus
801 686 853 715 uti
874 679 1054 715 Frischius
1079 679 1198 714 docet.
1231 682 1345 727 Capta
1365 678 1559 713 mordebat
1575 706 1584 722 ‚
1604 688 1640 713 et
1662 679 1815 727 pedibus

201 737 352 772 feriebat
369 765 378 782 ,
410 743 642 786 incur-visque
668 737 851 786 unguibus
884 743 923 772 in
953 736 1085 785 quibus
1109 736 1268 772 multum
1291 735 1432 770 roboris
1461 735 1593 780 habet,
1619 735 1813 772 sauclabat.

201 795 314 830 Unde
334 794 570 843 intelligitur,
586 807 661 843 quo
684 795 799 831 modo
814 794 1004 832 vulnerata
1020 799 1109 831 etin
1131 793 1248 830 fundo
1265 805 1443 842 aquarum
1457 793 1691 840 delitescens,
1706 793 1812 843 plan-

201 856 246 886 tis
261 851 470 887 adhaereat.

273 909 415 943 Vocem
436 908 580 944 nullam
601 908 734 945 audivi.

270 965 436 1000 Edoctus
464 978 561 1013 pane
580 965 732 1001 madido
753 974 791 1000 et
812 977 929 1001 avena
957 975 1141 1001 macerata
1160 964 1351 1011 hucusque
1371 968 1545 998 nutritam
1564 962 1691 1009 fuisse,
1710 976 1815 1012 prae-

198 1019 280 1064 bui,
301 1021 366 1055 sed
388 1020 601 1069 repudiavit.

270 1078 353 1112 Vita
381 1087 510 1121 tenax,
537 1077 599 1112 diu
620 1089 831 1125 compresso
861 1088 898 1114 et
920 1078 1011 1114 eliso
1037 1088 1189 1126 pectore
1205 1106 1214 1124 ,
1240 1087 1365 1113 tamen
1391 1076 1502 1126 paulo
1525 1087 1610 1125 post
1631 1078 1678 1113 ad
1702 1083 1814 1114 vitam

196 1133 314 1169 rediit.

269 1190 436 1226 Eandem
455 1203 542 1226 cum
559 1190 668 1227 fulica
687 1201 764 1227 atra
785 1203 861 1227 esse
881 1201 918 1227 et
935 1191 1120 1227 calvitiem
1139 1191 1268 1227 frontis
1281 1191 1406 1226 albam
1426 1196 1535 1225 oestri
1554 1197 1698 1226 venerei
1718 1201 1810 1227 tem-

195 1259 287 1296 pore
311 1253 349 1282 in
370 1248 521 1285 rubrum
539 1254 691 1293 mutari,
714 1254 840 1284 asserit
857 1247 1070 1296 Encyclop.
1092 1249 1263 1284 me'clzod.
1278 1262 1316 1295 p.
1330 1247 1386 1283 62.
1409 1240 1554 1282 Statura
1578 1257 1702 1282 tamen
1722 1261 1812 1284 con-

195 1314 334 1339 stanter
353 1305 512 1351 diversa,
536 1316 577 1341 ut
604 1305 744 1354 duplex
766 1311 938 1351 varietas,
963 1306 1218 1353 magnitudine
1237 1315 1381 1340 tantum
1403 1303 1593 1348 differens,
1620 1310 1658 1338 in
1680 1305 1811 1340 iisdem

195 1367 298 1408 aquis
322 1372 500 1397 occurrat.
526 1364 575 1396 Et
594 1374 731 1409 quaero
749 1388 758 1405 ,
777 1375 825 1395 an
849 1368 958 1396 oestri
983 1368 1127 1396 venerei
1148 1371 1292 1408 tempus
1309 1366 1348 1394 in
1369 1365 1513 1394 initium
1536 1362 1698 1394 Januarii
1718 1367 1810 1396 inci-

194 1417 276 1463 dat,
296 1416 359 1452 ubi
377 1417 469 1452 mihi
480 1417 646 1464 femina
664 1416 785 1451 fronte
804 1415 912 1452 rubra
932 1415 1132 1452 observata.
1160 1417 1277 1452 Frons
1292 1415 1400 1452 rubra
1416 1427 1565 1464 quoque
1585 1428 1728 1465 semper
1742 1424 1810 1454 mi-

194 1486 264 1510 nor
284 1473 379 1509 alba.
407 1473 504 1510 Mihi
526 1473 659 1509 saltem
685 1471 889 1508 subrubeus
911 1478 986 1509 visa
1008 1483 1072 1509 est.

581 1561 884 1606 FULICA
928 1559 1427 1605 PORPHYRIO.

265 1644 406 1678 MINOR
429 1642 521 1678 mihi
543 1641 635 1677 olim
654 1648 693 1677 in
713 1655 840 1677 museo
857 1644 978 1691 Episc.
993 1642 1080 1689 Arg.
1101 1642 1146 1677 de
1167 1641 1300 1677 Rohan
1319 1647 1391 1677 visa
1405 1669 1414 1686 ,
1437 1649 1554 1676 rostro
1570 1640 1644 1677 fere
1660 1641 1808 1679 chloro·

192 1700 299 1750 podis
314 1727 322 1743 ,
349 1712 464 1747 quum
484 1700 603 1744 major
623 1698 764 1734 Tolosa
785 1709 938 1747 accepta
956 1709 1075 1734 rostro
1099 1704 1145 1733 sit
1164 1711 1281 1733 crasso
1294 1727 1302 1743 ,
1325 1698 1535 1746 praevalido
1557 1712 1736 1737 convex0.

265 1758 336 1792 Hic
361 1761 487 1804 utique
505 1755 627 1803 plures
646 1761 783 1804 species
805 1755 989 1790 confusae.
1017 1756 1141 1802 Major
1159 1755 1249 1790 mihi
1272 1755 1411 1791 Tolosa
1436 1768 1455 1790 e
1474 1757 1666 1801 Pyrenaeis
1688 1764 1806 1805 missa,

192 1814 254 1851 ubi
279 1823 384 1862 capta
408 1823 598 1861 tamquam
621 1825 699 1848 rara
723 1819 797 1849 avis
819 1825 885 1861 per
906 1822 1079 1848 semestre
1100 1823 1243 1860 tempus
1265 1817 1361 1847 inter
1385 1811 1570 1849 chortales
1590 1826 1673 1849 aves
1698 1821 1804 1861 vixit,

190 1881 283 1908 teste
309 1872 527 1916 Peyrousio,
556 1875 595 1904 in
612 1870 767 1918 epistola
792 1869 826 1905 d.
850 1869 901 1905 ιδ.
924 1870 1016 1915 Maji
1041 1871 1139 1916 1778.
1166 1875 1228 1918 qui
1252 1882 1332 1904 eam
1356 1882 1462 1905 avem
1485 1870 1574 1905 mihi
1599 1877 1704 1908 misit.
1732 1872 1804 1909 Sed

191 1928 371 1972 eandem,
390 1939 502 1975 quam
520 1928 619 1976 apud
638 1940 698 1963 me
721 1927 880 1973 viderat,
904 1932 1015 1962 etiam
1029 1926 1355 1971 Niederbronnae,
1378 1932 1416 1961 in
1430 1926 1506 1962 alto
1527 1939 1655 1964 monte
1672 1931 1804 1977 Vogesi

191 1996 338 2034 captam
364 1983 470 2019 fnisse
498 1990 640 2020 circiter
667 1986 712 2020 A.
743 1987 840 2032 1782.
861 1994 897 2020 et
921 1990 1096 2020 nutritam
1125 1984 1248 2019 retulit
1274 1986 1343 2020 D.=¹
1366 1985 1606 2031 Reussnerus,
1634 1987 1803 2035 Ephorus

191 2044 280 2078 Dni.
308 2042 354 2077 de
373 2041 569 2077 Berkheim
602 2044 701 2090 1789.
731 2041 802 2077 Sed
822 2041 917 2077 forte
939 2047 1082 2090 caspica
1104 2041 1243 2077 diversa
1267 2051 1330 2076 est.
1357 2041 1494 2076 Saltem
1520 2048 1605 2077 icon
1630 2043 1802 2079 Edwardi

191 2112 211 2134 a
231 2111 312 2133 mea
336 2098 456 2134 aliena
474 2109 527 2134 est
540 2128 549 2143 ,
570 2099 766 2147 digitisque
783 2104 971 2134 instruitur
988 2098 1101 2145 longe
1115 2098 1335 2145 minoribus,
1351 2111 1461 2148 quam
1477 2113 1568 2134 mea.
1596 2102 1716 2135 Etiam
1733 2105 1801 2136 ista

190 2161 334 2201 minor,
354 2169 464 2204 quam
490 2157 564 2192 vidi
585 2157 684 2206 apud
703 2159 929 2206 Episcopum
949 2156 1309 2203 Argentoratensem.
1337 2156 1401 2192 Ali
1421 2169 1570 2205 quoque
1596 2161 1634 2191 in
1652 2155 1799 2212 chorta,

190 2212 369 2249 Aelianus
387 2213 508 2250 docet.
531 2215 629 2251 Nae.
647 2216 789 2251 Anim.
811 2214 855 2250 L.
870 2215 951 2250 III.
969 2213 1006 2249 C.
1021 2222 1076 2256 42.

1505 2270 1540 2306 A
1553 2283 1574 2305 a
