2054 2748
783 212 1236 241 AMPHIBIA.

1727 216 1810 260 219

281 294 419 330 Gauda
439 292 715 343 brevis'absque
737 307 870 342 ungue.
898 295 1017 328 Anus
1040 300 1077 328 in
1100 301 1177 343 ipsa
1202 293 1278 329 basi
1301 293 1450 330 caudae.

275 352 418 387 Pedum
433 357 658 386 anteriorum
675 352 793 399 digitis
807 360 869 385 aut
883 350 1064 397 unguibus
1085 352 1131 386 ad
1152 351 1458 400 perpendiculum
1474 351 1617 387 directis
1632 358 1806 391 innititur.

276 408 376 443 Plica
400 421 508 456 super
535 414 684 457 occiput
703 407 960 456 protendenda
974 434 982 450 ,
1007 417 1047 442 ut
1066 413 1103 442 in
1121 408 1209 442 aliis.

275 465 386 500 Testa
412 465 538 500 subtus
558 464 700 513 aliquid
721 463 951 498 subrubentis
974 463 1093 498 habet.
1134 466 1203 499 Par
1222 471 1385 500 anticum
1407 464 1646 500 scutellorum
1669 476 1807 504 sterna-

203 519 295 555 lium
317 527 531 568 minimum,
552 520 688 569 angulo
710 520 843 556 obtuso
863 532 964 569 pone
984 525 1129 566 coiens,
1150 533 1265 569 quum
1283 528 1322 556 in
1339 535 1422 558 mea
1440 533 1548 558 acuto
1563 522 1701 571 angulo
1719 537 1808 560 eon-

202 578 409 626 jungantur.

278 635 358 682 (An
378 634 541 669 Testudo
565 633 716 682 pussilla
742 635 831 670 Lin.
847 634 863 670 ?
889 633 1126 681 Schoeyfi'us
1149 639 1188 668 in
1211 633 1372 682 litteris.)

334 737 689 782 TESTUDO
722 738 1474 783 SEMIMEMBRANACEA.
1505 739 1669 784 Nobis.

273 834 448 870 Pedibus
462 863 469 870 .
487 862 494 870 .
511 863 519 870 .
535 864 541 870 .
558 864 571 878 ,
592 845 694 871 cesta
717 836 941 872 orbiculata
953 864 962 878 ,
983 835 1346 884 subcomplazmca,
1367 837 1478 873 laevi
1490 865 1503 881 ,
1523 841 1677 874 extima
1691 849 1807 888 parte

201 892 450 928 itzcemoscalz‘
471 892 802 936 membranacea,
827 893 1051 941 cliaplzczlza.

271 948 372 983 Data
391 947 483 982 mihi
503 959 591 984 testa
612 956 800 997 superior3
826 963 872 985 ex
895 953 1049 998 Japania
1068 954 1209 984 venisse
1228 950 1397 986 additum
1415 960 1479 986 est.
1504 952 1599 987 Rara
1619 962 1655 988 et
1668 957 1804 1001 ignota.

271 1004 488 1053 Schoepfius
510 1005 605 1039 libro
629 1019 695 1039 suo
721 1007 770 1040 de
797 1007 1076 1041 Tesczcdlnibzcs
1100 1011 1260 1041 inseruit.

541 1108 936 1152 TESTUDO
983 1109 1257 1151 GRAJA.
1308 1110 1470 1153 Nobis.

269 1204 445 1240 Pedibus
470 1203 726 1253 suladiglcczcis
747 1206 765 1240 ?
806 1207 924 1241 Testa
949 1208 1098 1252 postica·
1127 1206 1592 1255 explanato-depressa,
1616 1208 1806 1247 lateribus

198 1270 353 1304 recusa,
373 1261 549 1296 scutellis
566 1261 770 1309 sccbgibbis
783 1290 793 1304 ‚
811 1262 977 1309 glabris,
997 1263 1163 1297 somello
1187 1265 1408 1311 marginali
1435 1269 1631 1300 anterior-e
1651 1268 1807 1304 lineari.

268 1320 317 1353 Et
356 1330 505 1366 graecae
546 1318 733 1353 character
764 1324 813 1353 ita
847 1319 1102 1354 emendandus
1122 1332 1129 1353 :
1169 1320 1343 1355 Pedibus
1382 1321 1638 1369 subcliglmcis
1651 1338 1669 1364 ,·
1702 1334 1806 1360 cesta

192 1378 344 1423 poscice
360 1375 506 1422 gibba,
527 1374 716 1409 lateribus
737 1375 879 1409 obtusa
899 1375 1174 1417 szcbeczrc'tzaca,
1193 1377 1369 1411 scutellis
1385 1378 1656 1423 platzizcsculis
1673 1381 1805 1416 medio

195 1431 385 1477 depressis
406 1430 686 1471 taberculczcis,
706 1430 873 1465 „macello
895 1430 1117 1477 marginali
1139 1434 1337 1466 anteriore
1356 1433 1480 1468 nullo.

268 1486 403 1521 Similis
431 1498 602 1534 graecae,
633 1499 718 1521 cum
750 1499 820 1534 qua
847 1487 911 1521 diu
940 1488 1079 1521 credidi
1109 1487 1267 1522 eandem
1291 1501 1395 1533 esse3
1423 1502 1508 1524 cum
1535 1503 1607 1538 qua
1635 1500 1807 1531 convenit

195 1542 324 1578 habitu
344 1549 383 1577 in
402 1548 632 1589 universum,
656 1548 766 1578 etiam
784 1548 867 1579 satis
887 1543 1163 1591 magnitudine,
1187 1543 1435 1595 lateribusque
1455 1554 1590 1583 retusis.
1616 1549 1806 1587 Differunt

196 1610 320 1636 autem
342 1606 392 1636 ita
407 1613 414 1635 :

425 1682 479 1724 T.
518 1682 765 1725 GRAJA.

242 1774 374 1808 Latera
389 1772 496 1808 valde
518 1783 646 1808 retusa.

243 1831 375 1877 Margo
387 1836 547 1878 posticus
559 1858 567 1874 ‚
578 1835 740 1878 quinque
751 1838 814 1864 aut
826 1839 968 1878 septem

193 1891 414 1934 posteriores
444 1886 594 1922 tessulas
623 1885 842 1934 marginales
866 1899 968 1921 com-

193 1941 359 1990 plectens
374 1942 480 1977 valde
493 1943 681 1992 depressus
694 1971 703 1987 ,
731 1942 966 1991 explanatus,

194 1997 378 2046 profunde
403 2003 498 2033 inter
523 1999 684 2034 tessellas
713 2005 864 2035 incisus:
889 2013 967 2035 rne-

194 2054 253 2089 dia
277 2054 422 2090 tessella
447 2061 559 2091 etiam
583 2055 675 2091 infra
697 2055 851 2104 planum
879 2057 966 2093 reli-

197 2122 350 2158 quarum
371 2111 631 2147 descendente.

242 2167 416 2202 Tessulae
427 2168 645 2217 marginales
657 2174 785 2217 viginti
796 2179 965 2218 quatuor,

195 2228 376 2259 anteriore
385 2225 505 2260 media
517 2253 525 2272 ,
536 2231 665 2274 impari
678 2254 687 2273 ,
701 2232 964 2275 angustissima,

195 2277 335 2315 lineari,

1206 1684 1259 1726 T.
1306 1685 1602 1731 GRAECA.

1079 1777 1208 1810 Latera
1224 1788 1354 1824 parum
1368 1788 1499 1816 retusa.

1079 1832 1211 1879 Margo
1225 1832 1323 1867 idem
1334 1833 1441 1869 valde
1453 1835 1616 1882 declivis,
1627 1837 1800 1887 deflexus,

1031 1887 1177 1922 tessella
1198 1895 1336 1937 postica
1352 1891 1473 1926 media
1493 1892 1601 1928 valde
1616 1895 1724 1942 gibba
1736 1925 1745 1942 ,
1765 1907 1802 1932 et

1030 1957 1115 1979 cum
1144 1952 1376 1981 convexitate
1407 1947 1503 1983 dorsi
1539 1963 1654 1986 unum
1685 1959 1800 1989 conti·

1029 2013 1145 2036 nuum
1167 1995 1382 2039 circularem
1396 2017 1520 2041 arcum
1534 2006 1705 2044 formans,

1077 2169 1251 2206 Tessulae
1269 2175 1488 2221 marginales
1498 2181 1624 2223 viginti
1636 2185 1718 2223 tres,
1733 2189 1799 2213 an-

1029 2232 1160 2262 teriore
1177 2233 1308 2277 impari
1326 2230 1440 2266 nulla.
