2054 2748
795 155 1096 184 PISCES.
1658 161 1740 204 309

138 239 313 287 longum,
332 239 522 287 gracilem,
542 247 688 274 acutum
708 250 899 286 nunquam
922 238 1128 285 observavi,
1153 238 1217 274 sed
1232 243 1463 286 crassiorem,
1482 240 1649 289 brevem,
1669 243 1737 278 ob-

138 305 276 342 tusum,
296 303 420 344 utique
440 302 477 330 in
497 295 753 343 speciminibus
772 295 883 330 modo
902 295 1104 342 pedalibus.

479 390 831 434 SILURUS
877 390 1189 434 MOLLIS.
1232 391 1392 435 Nobis.

207 471 346 506 Pinna
368 471 519 506 dorsalc'
543 474 700 519 postica
727 472 895 518 adt'posa
910 500 922 514 ‚
953 474 1060 506 cirris
1085 472 1280 506 maxillae
1303 475 1508 521 superioris
1535 483 1734 521 quatuor,

132 529 261 574 pinna
287 528 403 562 amali
425 528 547 562 radiis
571 528 804 570 duodecim,
829 528 941 562 radio
966 531 1095 575 ptimo
1119 529 1271 563 dorsalc'
1293 529 1637 578 pectoraliumque
1664 532 1733 566 ad-

128 586 288 629 jacenti
309 590 449 631 spinae
467 587 611 632 capicis
635 585 830 619 similium
858 584 1045 619 mollibus
1065 585 1259 620 candidis.
1680 595 1684 599 '

205 642 342 675 Venter
362 640 468 675 valde
492 640 615 675 mollis
635 651 671 675 et
691 641 874 676 flaccidus.

202 697 260 731 Ex
276 697 456 732 America.
484 698 604 732 Musei
627 697 924 745 Humphrediani
942 710 975 745 p.
998 697 1072 733 131.
1095 707 1145 733 n.0
1167 698 1221 733 53.

204 803 265 838 Ad
292 816 404 851 genus
431 803 531 839 siluri
551 810 661 839 etiam
682 811 864 853 pertinere
888 806 1031 841 videtur
1058 805 1270 852 Gom-goar
1290 804 1349 841 vel
1368 805 1505 841 Slccdu·
1520 805 1596 842 Nili
1617 813 1734 855 piscis.

131 860 311 895 Pococlte
325 860 473 895 cravels
497 861 584 896 Vol.
600 863 630 896 I.
653 861 731 897 cab.
751 876 807 908 70.
833 862 973 898 Saltem
994 861 1132 910 duplex
1156 867 1268 909 pinna
1289 861 1403 907 dorsi,
1427 873 1464 898 et
1493 869 1574 897 cirri
1595 870 1665 899 oris
1695 871 1733 900 in

129 923 228 964 pisce
255 916 494 952 abdominali.
533 919 672 966 Utique
701 925 811 953 etiam
839 932 872 967 p.
894 931 973 954 202.
992 918 1112 953 radius
1139 924 1304 965 spinosus
1328 924 1366 952 in
1398 925 1510 966 pinna
1538 920 1672 954 dorsali
1698 932 1734 956 et

130 972 308 1020 pectorali
330 973 518 1016 tribuitur,
545 974 675 1021 quibus
696 975 875 1009 crocodili
899 975 1020 1010 fauces
1039 980 1198 1018 intrans,
1230 974 1342 1020 (sorte
1366 980 1488 1022 potius
1512 975 1558 1010 ab
1582 976 1649 1011 illo
1670 977 1732 1012 de-

128 1029 291 1073 voratus)
314 1039 444 1061 necare
464 1028 570 1060 illum
587 1029 727 1063 dicitur.
754 1031 815 1063 An
832 1029 926 1064 adeo
943 1029 1139 1075 delphinus
1158 1028 1296 1064 Plinii?

199 1083 409 1129 Longitudo
430 1082 579 1129 pedalis.
607 1085 701 1116 Cairi
721 1084 840 1116 slzallz
865 1092 1024 1116 vocatur.

198 1141 240 1174 In
259 1148 414 1183 systema
434 1147 599 1185 receptus
618 1147 740 1184 posset
762 1139 907 1171 silurus
926 1136 1170 1171 ichneumon
1187 1144 1318 1174 vocari.

197 1240 261 1275 Ad
286 1239 385 1274 siluri
413 1251 525 1286 genus
544 1244 725 1286 pertinere
748 1250 897 1286 quoque
923 1238 1065 1273 videtur
1086 1238 1350 1285 Pte'gtzadilla
1370 1241 1563 1289 pisciculus
1588 1251 1727 1294 sesqui-

126 1296 333 1346 pollicaris‚
364 1295 572 1344 alepidotus
591 1323 600 1341 ,
636 1294 813 1340 viscidus‚
847 1294 1001 1343 sapidus.
1047 1295 1199 1338 Ulloa,
1225 1297 1347 1332 Me'm.
1375 1311 1444 1333 sur
1470 1299 1725 1349 l’Ame'riqae.

126 1356 157 1390 Ι.
172 1355 281 1388 Disc.
296 1365 327 1399 9.
340 1366 377 1400 p.
395 1363 471 1399 209.

195 1409 402 1444 Barbudos
418 1414 528 1442 etiam
551 1408 659 1455 bagre
674 1410 820 1454 similis,
847 1419 884 1444 et
902 1409 1042 1445 tabat-0
1062 1409 1232 1444 videntur
1249 1410 1295 1445 ad
1313 1410 1385 1446 hoc
1403 1423 1517 1459 genus
1532 1419 1723 1462 pertinere;

123 1477 233 1501 carne
255 1464 365 1500 molli
384 1473 420 1499 et
438 1464 593 1511 insipida
614 1475 708 1500 sunt.
742 1465 876 1500 Ulloa.
890 1466 1012 1500 Me‘m.
1035 1467 1066 1500 I.
1082 1479 1118 1512 p.
1135 1465 1215 1502 216.

573 1559 848 1602 SALMO
897 1559 1270 1604 TRUTTA'.)

191 1639 465 1687 Lachssorelle
486 1644 714 1674 nostratium.
740 1640 791 1674 D.
813 1653 868 1675 20.
883 1640 965 1675 Oct.
991 1652 1089 1688 1797·
1111 1640 1186 1687 (29.
1201 1641 1371 1677 Vindem.
1392 1644 1437 1679 A.
1458 1644 1513 1691 6.)

192 1696 401 1743 Longitudo
423 1701 526 1730 unius
544 1695 667 1743 pedis,
691 1696 817 1731 decem
838 1697 1027 1744 pollicum.
1054 1697 1202 1732 Dantur
1216 1697 1332 1733 multo
1353 1702 1516 1746 majores.
1547 1705 1718 1740 Latitudo

118 1764 204 1790 ante
225 1759 377 1801 pinnam
394 1751 577 1787 dor-salem
596 1758 703 1786 trium
728 1752 928 1800 pollicum,
952 1763 1037 1788 octo
1054 1752 1244 1789 linearum.
1273 1757 1455 1791 Crassities
1474 1757 1611 1793 ibidem
1628 1760 1719 1795 duo-

118 1822 198 1846 rum
221 1809 400 1857 pollicum
416 1836 424 1853 ,
444 1814 553 1842 trium
568 1807 758 1844 linearum.

189 1866 250 1900 Ab
269 1865 380 1900 hamo
399 1864 574 1899 maxillae
594 1864 773 1900 inferioris
792 1865 840 1900 ad
859 1875 1064 1900 extremum
1082 1872 1249 1912 mystacis
1273 1867 1345 1902 duo
1366 1869 1531 1916 pollices.

791 1922 839 1957 ad
860 1928 1065 1969 marginem
1089 1923 1252 1972 operculi
1275 1936 1432 1973 quatuor
1450 1927 1605 1976 pollices
1631 1943 1715 1966 cum

116 1977 281 2015 dimidio.

187 2036 302 2069 Frons
332 2046 438 2082 supra
461 2033 589 2069 oculos
613 2033 857 2083 subdepressa.
886 2035 1012 2070 Uncus
1041 2035 1212 2071 maxillae
1238 2037 1416 2074 inferioris
1440 2041 1711 2090 cartilaginem,

115 2090 270 2126 mobilis,

187 2145 357 2181 Maeuiae
375 2145 516 2194 aliquot
535 2147 715 2182 rotundae
733 2154 876 2194 nigrae,
899 2159 983 2181 cum
1006 2147 1225 2195 quibusdam
1243 2149 1492 2198 pallidioribus
1508 2160 1608 2201 quasi
1623 2168 1709 2204 pro..

113 2203 260 2240 fundius
283 2202 349 2238 sub
372 2212 454 2238 cute
484 2203 614 2239 locatis
635 2214 669 2239 et
688 2203 968 2253 pellueemibus.
995 2203 1151 2253 Aliquot
1170 2211 1328 2242 minores
1352 2220 1434 2256 post
1459 2210 1597 2246 oculos.

1350 2267 1420 2313 Pp
