2054 2748
787 161 1176 190 MAMMALIA.
1741 151 1791 192 15

262 259 314 284 12.
335 246 459 282 Penis
478 244 702 294 bipollicaris
726 244 1058 292 estlongitudi11153
1086 245 1160 291 ejus
1187 242 1337 278 dimidia
1361 254 1442 291 pars
1465 251 1609 292 corpori
1639 252 1791 295 propior

185 305 273 341 duas
292 304 406 339 lineas
431 304 505 339 lata
529 316 614 338 cum
635 303 796 339 dimidia.
826 302 929 348 Quae
953 301 1048 336 hanc
1076 307 1171 336 inter
1192 310 1228 335 et
1249 299 1422 348 glandem
1450 302 1639 346 interjacet
1667 311 1788 351 portio

184 367 374 411 praeputio
393 371 512 407 tecta,
532 373 574 396 ea
591 359 707 409 duplo
726 365 846 407 priore
867 358 976 393 latior
997 368 1060 393 est.
1088 358 1243 393 Glandis
1265 363 1375 406 ipsius
1400 367 1556 406 quatuor
1574 357 1686 394 lineas
1706 375 1790 396 cum

185 418 335 453 dimidia
349 417 485 466 longae
507 418 637 463 dorso,
657 421 890 464 prominente
910 424 1035 450 tamen
1054 421 1163 463 ipsius
1184 421 1305 464 apice,
1321 414 1477 450 inhaesit
1494 414 1690 450 ossiculum
1705 419 1789 453 sub-

183 475 420 523 quadratum,
440 475 568 523 paullo
591 474 737 520 longius
761 484 874 521 quam
895 471 1012 507 latum
1028 499 1037 517 ,
1063 471 1227 520 ephippii
1255 471 1411 506 formam
1434 471 1595 518 habens,
1626 473 1790 511 diametri

183 538 293 567 trium
314 531 516 576 linearum,
537 535 658 565 antice
675 534 891 578 posticeque
913 539 1121 575 arcuatum,
1137 534 1299 576 margine
1323 534 1463 577 postico
1486 529 1610 564 medio
1636 539 1790 579 emargi-

184 598 294 634 nam,
322 588 444 623 fissura
469 593 667 622 introrsum
681 592 719 620 in
736 586 903 621 foramen
921 586 1031 620 medii
1052 585 1199 621 ossiculi
1214 585 1361 621 dilatata
1380 596 1415 621 et
1430 586 1643 622 membrana
1660 588 1792 625 clausa,

184 646 278 681 Tale
301 644 499 680 ossiculum
517 645 558 679 V.
573 645 746 692 Vampyri
768 643 920 691 genitali
942 643 1109 679 membro
1135 649 1252 678 inesse
1277 654 1472 691 negaverat
1498 644 1736 681 Daubenton.

256 701 370 736 Seriei
391 702 424 735 V
427 700 706 749 espertilionum
725 700 824 736 hanc
843 706 953 749 igitur
974 706 1136 750 speciem
1160 706 1293 736 inserui
1315 706 1483 749 sequenti
1504 707 1656 737 nomine
1675 713 1711 738 et
1732 704 1795 738 dea

183 757 360 794 finitione.

256 816 518 851 VESPERTILIO
544 815 758 864 (Celaeno)
780 815 964 851 dentibus
990 815 1229 864 primoribus
1249 813 1513 863 superioribus
1537 814 1664 858 binis,
1692 817 1795 864 inse‘

184 872 350 908 rioribus
370 883 548 921 quatuor
568 873 737 916 obtusis,
761 873 953 908 auriculis
977 873 1242 916 lanceolam,
1269 875 1416 908 vertice
1439 871 1575 908 nucha
1605 873 1795 920 scasvulisu

183 942 260 976 que
280 930 532 977 ferrugineis.

260 986 366 1020 Conf.
390 991 501 1021 etiam
523 987 743 1021 Dissertatio
767 986 850 1022 Joh.
869 987 963 1022 Frid.
980 988 1208 1032 Hermanni‚
1234 986 1299 1021 filii
1322 985 1634 1021 desideratissimi:
1661 985 1798 1022 Obset«

183 1045 370 1078 vationes
386 1052 427 1078 ec
443 1043 641 1078 anecdota
661 1056 710 1078 ea:
733 1044 967 1091 Osceologia
989 1053 1235 1091 comparata.
1254 1044 1447 1090 Argentor.
1467 1043 1511 1077 A.
1533 1054 1629 1090 ¹792·

255 1099 398 1134 Pedum
431 1100 534 1148 digiti
558 1106 804 1148 posteriorum
829 1110 1025 1135 retrorsum
1049 1107 1164 1147 versi⁷
1190 1107 1243 1136 uti
1266 1106 1305 1135 in
1329 1099 1500 1135 omnibus
1521 1099 1798 1148 Vespertilioni-

182 1155 260 1191 bus.
289 1158 431 1192 Incuria
451 1163 636 1205 pictorum
667 1158 824 1203 accidit,
852 1168 891 1193 ut
920 1163 958 1192 in
989 1158 1161 1193 omnibus
1193 1157 1361 1193 iconibus
1388 1157 1634 1202 Buffonianis,
1667 1156 1797 1191 Schre-

183 1212 361 1258 hesimus,
385 1214 598 1250 Pallasianis
618 1215 706 1250 false
733 1221 940 1263 pingantur.
966 1215 1073 1250 Solus
1101 1221 1281 1263 excipitur
1299 1217 1502 1262 Leporinus
1525 1213 1623 1260 apud
1643 1213 1796 1247 Soles-eb.

185 1270 409 1317 Cephalotes
438 1271 538 1318 apud
557 1272 702 1305 Pallas
718 1299 729 1313 ,
760 1274 910 1316 Myurus
929 1271 1029 1318 apud
1051 1271 1243 1305 Bruniclie.
1272 1272 1370 1303 Tum
1388 1269 1554 1303 Sebanae
1582 1268 1727 1302 tabulae
1744 1269 1798 1304 56,

184 1326 241 1374 57.
259 1327 317 1362 58.
337 1339 424 1362 nam
443 1327 498 1362 55.
518 1326 615 1361 mala
637 1337 699 1361 est.

429 1435 995 1481 VESPERTILIO
1051 1435 1345 1480 NUDUS.
1405 1436 1570 1480 Nobis

258 1550 515 1594 ECAUDATUS,
541 1561 700 1595 corpore
724 1547 855 1591 nudo,
889 1546 1082 1582 auriculis
1103 1546 1387 1591 mediocribus,
1412 1547 1682 1596 simplicibus,
1705 1549 1799 1585 dea-

187 1606 291 1642 tibus
311 1608 472 1641 caninis
495 1605 748 1652 inferioribus
771 1609 877 1640 incus
897 1608 1013 1640 cavis
1035 1604 1121 1640 basi
1136 1604 1350 1651 productis.
1378 1604 1506 1641 Nobis.

259 1664 380 1698 Patria
403 1669 540 1710 ignota.
566 1664 710 1697 Parisiis
730 1668 867 1697 missus.

264 1720 435 1755 Volatus
457 1719 664 1767 amplitudo
689 1719 870 1767 pollicum
890 1724 1027 1766 viginti.
1056 1717 1207 1754 Animal
1228 1728 1348 1754 totum
1366 1719 1687 1767 nudum,praeter
1707 1719 1801 1768 pilos

186 1788 304 1821 rar03‚
329 1789 375 1810 ex
404 1776 556 1824 quibus,
580 1781 685 1810 sicuti
713 1788 759 1810 ex
783 1775 924 1824 reliqua
949 1781 1113 1823 corporis
1139 1788 1218 1810 non
1247 1782 1384 1812 0011051
1411 1790 1480 1811 nec
1510 1783 1647 1825 pertusi
1673 1787 1800 1812 natura

188 1843 358 1882 apparet,
382 1845 461 1868 non
480 1832 526 1867 ab
546 1838 691 1867 insectis
714 1832 881 1868 derasum
900 1845 985 1868 esse.
1012 1831 1072 1867 Ob
1092 1842 1214 1868 cutem
1234 1833 1371 1882 ubique
1393 1844 1632 1882 praetenuem
1657 1844 1690 1869 et
1717 1833 1799 1869 sub-

189 1890 292 1926 tilem
303 1903 370 1939 pro
385 1892 533 1936 juniore
544 1895 677 1938 speciei
691 1889 844 1937 alicujus
857 1901 1079 1939 permagnae
1094 1889 1318 1936 habuissem,
1331 1896 1398 1926 nisi
1415 1891 1542 1926 dentes
1555 1890 1661 1927 valde
1679 1896 1801 1937 magni

191 1938 228 1983 et
247 1947 438 1995 singularis
457 1947 566 1982 simul
585 1958 785 1983 structurae
806 1948 984 1983 adessent.
1011 1947 1217 1982 filaxillae
1235 1947 1396 1983 inferiori
1417 1948 1491 1984 duo
1512 1960 1596 1985 sunt
1615 1953 1801 1991 incisores

189 2011 289 2053 parvi
301 2033 309 2049 ‚
330 2005 453 2040 medio
473 2012 631 2050 crenati3
650 2016 854 2054 sequuntur
874 2005 1042 2040 laniat-tc
1056 2005 1259 2053 prodigiosi
1275 2004 1426 2054 oblique
1442 2013 1623 2054 protensi,
1640 2006 1685 2040 ad
1702 2005 1800 2039 basin

190 2067 402 2097 interiorem
430 2068 467 2097 in
486 2062 716 2111 superficiem
740 2063 892 2112 planam
916 2073 952 2098 et
976 2062 1143 2111 paullum
1165 2073 1379 2098 excavatam
1401 2064 1582 2112 producti.
1608 2065 1710 2098 Pone
1732 2061 1801 2096 hos

192 2117 265 2152 duo
284 2119 374 2154 mihi
393 2125 457 2154 visi
477 2120 605 2155 dentes
626 2126 745 2169 parvi,
772 2126 948 2155 incisoriis
969 2120 1189 2168 persimiles,
1213 2121 1402 2169 superficie
1422 2134 1500 2156 non
1519 2131 1720 2155 extrorsum
1738 2119 1801 2154 sed

193 2181 373 2210 anteriora
393 2189 513 2212 versus
532 2188 731 2226 spectante.
760 2178 922 2214 Ulterius
943 2183 1142 2226 posteriora
1162 2191 1283 2214 versus
1302 2190 1466 2228 spectare
1487 2178 1578 2212 mihi
1598 2189 1675 2211 non
1688 2175 1801 2212 licuit.

194 2230 349 2266 Maxilla
369 2240 532 2281 superior
559 2235 658 2272 laesa
678 2235 769 2272 duos
797 2245 923 2273 tamen
946 2240 1121 2272 incisores
1147 2235 1254 2273 offert
1278 2249 1428 2285 parvos,
1461 2245 1618 2284 quorum
1644 2238 1803 2271 exterior
