2054 2748
766 142 1216 173 AMPHIBIA.
1711 158 1787 200 231

187 236 223 261 et
251 237 290 260 os
313 224 459 260 bufonis
484 224 640 261 titillare.
673 226 764 260 Bufo
787 226 889 274 pedis
910 233 1098 263 anterioris
1119 238 1223 263 motu
1242 227 1384 273 valido,
1408 237 1509 278 quasi
1530 234 1668 272 inflicto
1691 238 1791 275 cola-

186 282 261 329 pho
283 293 455 316 araneam
479 280 609 329 abegit.
654 282 770 317 Paulo
798 292 882 330 post·
907 283 1070 319 oblatam
1101 298 1265 321 muscam
1289 292 1523 324 vomitoriam
1546 290 1722 340 ligni-ivit,
1750 306 1791 332 ut

188 338 376 373 evidenter
399 338 490 373 adeo
514 338 603 373 mihi
621 345 846 387 apparuerit,
875 352 952 374 non
980 340 1063 374 ideo
1088 355 1164 376 non
1187 349 1362 391 appetiise
1382 357 1573 391 araneam,
1593 352 1693 396 quod
1713 365 1791 387 non

185 400 335 429 esuriret
350 423 358 439 ,
373 395 438 429 sed
453 395 554 444 quod
569 401 675 431 nimis
687 407 862 444 magnum
873 401 1052 430 inseetum
1065 398 1264 445 videretur,
1279 411 1341 436 aut
1352 406 1491 437 insueta
1504 404 1639 450 praeda
1655 413 1790 456 quippe

184 463 262 485 non
290 462 454 486 terrestre
478 458 675 496 insectum,
708 454 809 498 cujus
832 452 925 487 adeo
955 452 1060 487 nullo
1080 459 1253 491 instincto
1277 468 1339 492 aut
1361 465 1527 506 appetitu
1554 470 1607 495 est
1629 465 1790 509 cupidus.

255 509 306 543 D.
328 521 381 555 27.
402 508 499 556 Sept.
520 521 638 543 rursus
658 508 849 556 aliquanto
869 516 983 557 magis
998 519 1111 544 tersus
1126 519 1313 559 apparuit,
1332 525 1366 549 et
1385 521 1498 562 magis
1517 528 1665 565 quoque
1686 520 1717 553 d.
1735 533 1787 567 29.

181 571 274 599 intra
295 565 396 612 quod
411 571 583 612 temporis
602 571 760 613 spatium
780 565 872 600 nihil
896 565 967 600 cibi
991 565 1119 601 obtuli.
1153 570 1236 602 Hoc
1257 569 1315 603 die
1334 583 1505 606 araneam
1523 573 1691 609 diadema
1712 588 1788 611 me-

181 621 345 656 diocrem
360 621 455 655 dedi.
481 622 664 666 Accessit,
689 627 868 670 inspexit,
889 622 1114 671 tandemque
1129 630 1276 661 voravit.
1304 628 1435 673 Jejuna
1450 628 1523 664 sere
1543 642 1656 677 quum
1672 631 1788 677 fuerit,

179 684 326 712 miratus
345 689 445 722 sum,
469 690 549 712 eam
570 683 689 712 minus
712 679 845 727 cupide
865 685 1018 715 irruisse.

250 734 300 767 D.
325 733 356 767 Ξ.
381 734 463 768 Oct.
488 739 526 768 in
550 734 663 782 pedes
687 745 850 770 erectum
873 743 1093 783 posteriores
1117 748 1296 786 quantum
1317 746 1438 788 potuit
1464 741 1511 777 ad
1532 749 1610 778 vitri
1633 750 1788 792 parietes

175 798 335 824 stantem
355 795 480 838 reperi.
507 792 712 827 Descendit
731 805 845 840 quum
868 806 928 828 vas
947 793 1020 827 alio
1040 804 1236 841 portarem.
1264 796 1401 833 Oblato
1422 804 1562 833 insecto
1582 813 1661 836 non
1680 802 1787 837 valde

176 845 364 880 famelicus
384 851 486 882 visus.
518 848 702 883 Araneam
729 848 996 884 cucurbitinam
1020 850 1185 886 oblatam
1204 862 1239 887 et
1258 865 1365 901 supra
1392 865 1501 902 caput
1521 856 1785 894 discurrentem

176 902 270 950 pede
289 909 492 948 anteriore,
520 915 610 938 mox
630 910 740 940 etiam
762 912 964 953 posteriore
983 906 1259 954 indignabunda
1284 910 1436 957 pepulit.
1465 911 1658 957 objectam
1680 928 1784 960 nym-

174 959 286 1007 pham
312 958 519 1007 phalaenae
538 973 616 994 non
635 967 774 1008 tetigit,
798 975 845 996 ne
861 963 1028 1010 adspexit
1049 965 1210 1010 quidem.
1240 967 1464 1001 Moveantur
1482 979 1628 1015 oportet
1643 977 1784 1006 anima-

173 1015 222 1049 lia
250 1015 381 1063 quibus
406 1028 516 1050 ranae
545 1021 731 1062 victitant,
756 1018 858 1065 quod
877 1024 971 1053 etin
989 1018 1221 1055 salamandra
1241 1020 1438 1057 observavi.
1469 1024 1712 1073 (Camperus,
1739 1028 1785 1063 de

170 1083 258 1106 rana
281 1077 387 1118 pipa,
414 1077 452 1105 in
480 1072 690 1119 opusculis,
722 1073 831 1116 dicit,
861 1075 929 1107 sibi
957 1074 1108 1108 oculum
1139 1076 1284 1111 bufonis
1316 1077 1496 1113 blandum
1527 1090 1563 1114 et
1592 1093 1781 1129 aspectum

172 1137 316 1175 gratum
335 1127 471 1171 videri;
499 1127 602 1175 quod
621 1137 657 1162 et
675 1127 774 1163 mihi.
801 1130 890 1163 Non
910 1135 959 1164 ita
975 1130 1216 1177 LacepediO.)

245 1186 434 1218 Limacem
456 1184 599 1219 nudum
620 1183 740 1219 obtuli
762 1184 796 1219 d.
824 1185 873 1220 15.
889 1186 972 1220 Oct.
995 1198 1106 1234 quem
1121 1186 1174 1221 bis
1195 1187 1304 1223 dorso
1320 1190 1418 1235 ejuS,
1441 1196 1622 1240 totiesque
1637 1204 1722 1230 ante
1742 1209 1781 1230 os

171 1246 287 1289 posui.
316 1240 390 1275 Sed
409 1241 607 1289 tranquille
625 1241 732 1276 illum
752 1240 852 1276 abire
871 1247 960 1277 sivit.

242 1299 443 1345 Nunquam
469 1310 507 1332 se
530 1303 674 1346 penitus
698 1297 839 1333 defodit
858 1326 867 1343 ,
896 1299 960 1334 sed
992 1298 1230 1335 solummodo
1258 1306 1296 1336 in
1326 1301 1454 1348 fovea,
1486 1316 1596 1352 quam
1624 1307 1779 1354 pedibus

168 1353 429 1402 posterioribus
447 1353 563 1398 fodit,
584 1367 621 1388 se
643 1354 875 1389 abscondidit
888 1382 897 1398 ,
922 1364 964 1389 ut
983 1367 1094 1402 caput
1112 1357 1315 1403 superficiei
1339 1367 1454 1393 terrae
1475 1359 1550 1394 fere
1574 1373 1667 1398 esset
1687 1377 1778 1399 con-

166 1416 320 1444 tinuum.
348 1410 475 1455 Quum
493 1409 607 1443 alium
623 1408 798 1443 bufonem
820 1415 1002 1444 minorem
1017 1410 1261 1458 pulcrioribus
1280 1412 1396 1448 rubris
1412 1415 1564 1451 maculis
1585 1430 1777 1456 venustum

166 1466 275 1502 simul
289 1465 515 1500 inclusissem
530 1493 539 1509 ,
560 1475 597 1500 et
611 1465 672 1499 hic
692 1464 836 1500 foveam
850 1467 997 1512 majoris
1012 1465 1158 1502 bufonis
1175 1480 1404 1517 occupasset,
1422 1471 1486 1506 ille
1501 1472 1612 1508 aliam
1634 1475 1777 1512 foveam

165 1536 244 1557 non
262 1522 375 1567 fodit,
390 1522 454 1556 sed
468 1528 505 1556 in
519 1523 707 1570 superficie
722 1532 836 1557 terrae
851 1522 977 1557 sedere
990 1533 1186 1559 contentus
1201 1524 1279 1561 fuit.
1297 1527 1400 1562 Dein
1421 1538 1543 1564 tamen
1561 1541 1715 1580 uterque
1736 1540 1775 1569 in

165 1579 296 1614 eadem
318 1578 423 1613 fovea
443 1579 555 1624 sedit,
576 1579 665 1614 dum
685 1592 814 1627 parvus
831 1580 879 1614 ad
899 1579 992 1615 latus
1012 1592 1049 1614 se
1069 1580 1280 1629 applicaret.

238 1636 288 1670 D.
314 1635 369 1670 23.
384 1636 466 1671 Oct.
490 1646 564 1671 tam
583 1638 702 1682 major
716 1648 828 1684 quarn
847 1642 970 1671 minor
991 1636 1143 1685 pedibus
1164 1644 1313 1685 posticis
1331 1646 1428 1675 nisus
1447 1647 1485 1676 in
1500 1641 1617 1679 altum
1636 1656 1774 1682 erectus

166 1693 385 1728 observatus.

236 1751 286 1785 D.
308 1749 363 1784 25.
384 1750 465 1784 Oct.
495 1761 610 1797 quum
633 1762 693 1784 vas
711 1749 760 1784 ad
780 1749 1045 1785 exundantiam
1066 1761 1182 1798 usque
1205 1762 1301 1799 aqua
1325 1751 1578 1801 replevissem‚
1600 1769 1663 1793 ore
1683 1765 1773 1794 emi-

150 1812 243 1842 ·nuit
267 1815 343 1840 tam
366 1807 485 1852 major
507 1817 619 1853 quam
641 1810 772 1841 minor.

236 1863 286 1898 D.
308 1861 364 1897 26.
385 1862 469 1898 Oct.
493 1871 603 1896 nocte
621 1867 753 1897 iterum
773 1867 811 1896 in
829 1862 941 1910 pedes
960 1867 1179 1910 posteriores
1199 1869 1296 1898 nisus
1321 1863 1530 1902 observatus
1550 1878 1613 1905 est.

235 1919 285 1953 D.
307 1919 363 1954 28.
387 1919 471 1954 Oct.
500 1918 612 1967 plane
629 1919 803 1966 singulari
825 1918 951 1954 habitu
970 1919 1094 1954 medio
1119 1926 1319 1968 posteriore
1339 1934 1494 1971 corpore
1520 1930 1558 1960 in
1583 1926 1686 1962 [ovea
1706 1941 1768 1963 sna

162 1974 348 2009 demersus
363 2002 372 2019 ,
395 1980 617 2010 anteriorem
636 1985 776 2023 partem
798 1975 845 2010 ad
867 1976 1173 2025 perpendiculum
1193 1988 1353 2014 erectam
1374 1986 1499 2015 tenuit.

234 2032 337 2066 Dum
361 2036 542 2068 insectum
565 2032 708 2080 ligurit,
731 2030 924 2068 exauditur
943 2032 1074 2081 aliquis
1091 2046 1203 2069 sonus
1222 2041 1324 2083 quasi
1346 2042 1536 2085 crepitans.
1564 2040 1695 2073 Nescio
1719 2052 1766 2075 an

162 2088 334 2123 maxillae
355 2089 402 2124 ad
425 2101 462 2124 se
485 2089 703 2135 allidentes,
728 2102 818 2125 num
841 2089 986 2137 linguae
1010 2096 1211 2138 poppizans
1233 2105 1353 2128 sonus.

234 2145 284 2179 D.
312 2145 366 2180 31.
395 2146 477 2181 Oct.
504 2158 612 2181 mane
640 2157 793 2195 uterque
822 2152 860 2181 in
887 2147 1000 2195 pedes
1024 2153 1241 2194 posteriores
1269 2160 1432 2195 erectus,
1465 2162 1574 2197 quam
1593 2160 1765 2199 poterant

159 2205 320 2235 maxime
336 2228 346 2245 ,
371 2204 490 2248 major
511 2216 627 2253 aeque
649 2218 692 2241 ac
712 2210 843 2240 minor.

1404 2264 1432 2297 E
1452 2275 1472 2296 e
1499 2275 1519 2297 2
