2054 2748
883 135 1095 165 AVES.
1714 134 1789 186 145

192 222 279 257 cillo
305 231 465 270 pennato
485 219 774 268 semipollicari.)
802 219 948 266 Peperit
968 218 1186 266 plerumque
1205 218 1258 253 bis
1283 231 1381 254 anno
1397 247 1405 263 ,
1426 232 1491 255 ova
1511 226 1636 269 viginti
1654 223 1701 259 ad
1725 230 1787 259 tri-

190 285 291 326 ginta
311 288 401 313 testa
420 278 566 312 duriori.
593 278 661 311 Ao.
686 289 783 323 ¹792·
801 288 821 310 a
835 275 957 309 medio
974 275 1175 311 Novembri
1194 276 1240 310 ad
1255 275 1367 311 finem
1383 288 1499 324 usque
1515 284 1623 312 etiam
1638 287 1787 328 peperit.

187 335 260 369 Ao.
271 347 301 369 2.
311 334 487 368 Vendem.
508 333 733 382 (Septembri
749 331 867 379 1793.)
880 336 1021 379 peperit
1033 344 1099 366 ova
1113 333 1290 376 sedeci1n3
1309 339 1512 381 iterumque
1528 333 1600 368 fine
1618 336 1788 371 Octobris

188 390 292 438 plura
308 402 466 437 quoque.
482 390 550 423 Ao.
568 403 597 424 2.
621 390 741 436 (1794-
759 386 881 434 Majo)
904 399 971 421 ova
988 394 1130 434 peperit
1145 395 1285 424 circiter
1301 389 1512 437 quindecim
1527 404 1534 433 3
1553 400 1636 439 post
1656 399 1787 428 mensis

186 445 261 480 fere
275 446 507 481 intervallum
520 456 617 489 octo,
639 444 765 479 diebus
781 453 867 478 ante
880 442 1076 478 solstitium
1100 444 1221 478 denuo
1238 445 1402 480 totidem.
1423 446 1473 482 D.
1492 447 1546 481 28.
1563 446 1652 481 ι111111
1671 460 1787 484 rursus

189 507 326 550 incepit
350 512 385 537 et
405 508 544 550 peperit
568 513 635 535 ova
655 500 702 534 ad
727 514 776 535 10.
792 500 997 546 Augustum
1012 512 1126 547 usque
1143 500 1347 537 duodecim.
1366 523 1414 528 —-
1432 503 1529 537 Tum
1547 515 1736 539 senescens
1753 516 1790 540 et

191 557 347 602 effoeta,
373 568 412 592 ut
430 557 519 592 mihi
542 555 752 600 videbatur,
785 561 958 598 cessavit:
985 557 1054 591 Ao.
1083 564 1115 598 4.
1143 557 1287 604 (17911.)
1318 564 1447 593 iterum
1474 565 1614 595 circiter
1633 561 1789 596 totidem

186 621 336 662 peperit.
368 614 436 647 Ao.
464 614 495 647 5.
527 612 662 659 (1797,
694 612 817 647 medio
846 612 955 659 Julii)
988 625 1102 660 quum
1131 625 1312 660 nusquam
1336 625 1546 662 appareret,
1577 616 1727 651 tandem
1750 624 1789 652 in

185 666 320 716 angulo
341 678 483 716 reperta
512 679 564 703 est
591 681 698 716 super
719 668 831 703 tribus
856 674 929 703 ovis
947 681 953 702 :
986 679 1138 716 sequuta
1157 680 1242 704 sunt
1261 671 1442 718 quaedam
1465 671 1558 716 alia,
1582 678 1676 708 inter
1694 686 1789 721 quae

184 738 299 760 unum
315 725 508 772 irregulare
529 735 565 760 et
590 731 755 760 tenuiore
769 731 872 773 apice
886 737 1069 772 rugosum.
1091 726 1204 761 Ao.6.
1226 726 1338 773 (1798
1351 755 1359 771 ‚
1377 727 1499 762 medio
1521 727 1629 775 Julii)
1646 739 1788 777 reperta

183 787 222 816 in
247 781 334 816 nido
355 783 430 827 ejus
451 782 523 816 duo
547 794 635 826 ova,
660 792 695 817 et
714 791 839 829 postea
863 781 983 816 adhue
1005 794 1078 817 sex.
1099 782 1270 817 Tandem
1294 784 1362 817 Ao.
1377 798 1409 831 7.
1431 784 1553 831 (1798.
1579 784 1613 819 d.
1631 786 1662 820 8.
1682 786 1785 833 Oct.)

183 843 221 872 in
236 838 323 872 nido
342 838 506 885 jugulata
522 848 661 886 reperta
677 866 685 881 ‚
712 844 787 872 sine
809 838 920 872 dubio
937 851 956 873 a
976 838 1131 873 mustela
1151 845 1320 874 erminea.

255 896 350 929 Basis
379 900 484 929 rostri
513 903 548 928 et
576 906 716 941 ungues
743 896 817 940 ejus
842 900 954 942 nigri:
982 900 1081 942 regio
1101 896 1336 940 intermedia,
1360 906 1396 931 et
1425 908 1550 944 margo
1580 903 1722 932 narium
1747 904 1786 934 in

182 956 331 997 regione
349 956 454 984 rostri
477 956 577 996 nigra
594 956 793 997 positarum
816 950 959 985 rubens.

254 1007 380 1041 Partus
404 1015 569 1053 ternpore
587 1011 749 1053 pruriens
768 1018 876 1054 saepe
894 1005 1071 1040 inclinato
1096 1012 1214 1054 capite
1232 1007 1448 1056 elevatoque
1467 1008 1601 1056 podice
1621 1019 1657 1045 et
1675 1017 1786 1047 moti-

181 1071 255 1098 tata
273 1062 320 1097 ad
337 1072 533 1110 utrumque
553 1062 647 1097 latus
669 1062 785 1097 cauda
805 1061 975 1098 crissabat
993 1090 1000 1106 ,
1027 1068 1135 1097 maris
1158 1070 1384 1099 consortium
1404 1075 1588 1112 expetens.

254 1120 304 1152 Le
330 1118 490 1152 Canczrd
510 1118 651 1152 cl'Inde
674 1129 846 1163 vocatur,
867 1128 903 1152 et
929 1131 1013 1152 cum
1035 1129 1142 1153 anate
1163 1119 1348 1154 boschade
1373 1120 1542 1165 hybridas
1562 1121 1785 1169 producere,

180 1179 230 1209 ita
254 1184 378 1210 tamen
400 1185 439 1209 ut
464 1187 509 1209 ex
534 1185 684 1210 centum
714 1181 788 1210 ovis
810 1188 889 1209 raro
921 1181 1069 1221 viginti,
1097 1176 1322 1223 quandoque
1342 1176 1444 1210 nulla
1465 1177 1695 1219 obtineatur3
1721 1178 1785 1213 has

181 1237 332 1264 nominc
354 1231 529 1265 Cczmzrrls
550 1231 726 1265 mulards
749 1231 895 1265 educari
912 1240 947 1264 et
962 1230 1036 1264 sale
1052 1231 1193 1265 condiri
1208 1237 1244 1264 in
1262 1232 1529 1278 Languedocia.
1553 1234 1643 1276 Voy.
1661 1234 1784 1268 llle'm.

180 1286 229 1320 de
256 1287 297 1320 la
325 1286 409 1321 Soc.
434 1287 530 1332 Roy.
557 1287 860 1333 d'Agricultm-e.
891 1298 992 1334 ¹79¹·
1020 1287 1137 1321 Trim.
1168 1286 1220 1320 du
1241 1290 1357 1334 princ.
1379 1301 1415 1334 J).
1445 1289 1547 1322 XII.
1577 1288 1784 1324 Admittere

179 1354 317 1376 marem
337 1342 528 1375 bosehadis
543 1352 579 1376 et
594 1354 661 1375 ova
680 1349 730 1375 sic
749 1342 930 1376 foecunda
953 1354 1077 1388 parere
1090 1369 1099 1385 ,
1118 1352 1308 1388 totamque
1328 1349 1599 1389 propagationis
1618 1354 1680 1378 aut
1700 1357 1785 1391 pro-

178 1402 296 1444 geniei
315 1401 444 1431 seriem
462 1402 568 1430 matri
586 1395 795 1429 moschatae
815 1395 971 1429 similem
990 1408 1065 1429 esse
1085 1402 1297 1431 asseveravit
1311 1407 1476 1432 matrona
1498 1399 1781 1445 Argentinensis.

179 1453 405 1500 Bchsonius.
429 1453 471 1487 T.
495 1453 558 1487 IX.
576 1465 609 1499 p.
635 1451 710 1488 166.
731 1452 829 1486 dicit.
851 1467 867 1482 α
878 1452 938 1485 On
960 1464 1079 1486 assure
1098 1463 1168 1499 que
1190 1451 1225 1486 le
1241 1452 1388 1500 produit
1409 1453 1458 1487 du
1477 1455 1611 1489 canard
1630 1458 1784 1505 musque

181 1524 197 1540 11
210 1521 295 1543 avec
316 1508 348 1543 13
366 1521 482 1543 canne
495 1518 547 1542 est
558 1507 742 1542 insecond.
757 1507 1044 1556 C'estpeut-etre
1056 1521 1137 1542 sans
1148 1518 1250 1543 autre
1265 1515 1385 1543 raison
1398 1522 1468 1558 que
1482 1510 1576 1546 celle
1593 1511 1678 1546 d'un
1697 1512 1782 1547 faux

180 1565 398 1613 «prejugem
426 1565 519 1599 Mihi
546 1576 630 1599 vero
660 1570 873 1600 asseveravit
905 1563 1180 1611 ornithophilus
1206 1566 1375 1613 quidam,
1403 1573 1555 1602 omnino
1590 1567 1782 1613 hybridam

178 1627 391 1670 progeniem
410 1621 672 1657 infoecundam
689 1634 775 1657 esse.
803 1622 946 1656 Marem
969 1619 1076 1657 valde
1101 1621 1257 1656 salacem
1282 1635 1365 1658 esse.
1397 1624 1586 1660 Feminam
1610 1626 1782 1663 incubare

178 1684 341 1726 quinque
360 1683 580 1726 septimanis.

510 1795 719 1838 ANAS
765 1794 1232 1838 BISINUA'PA.
1283 1797 1443 1840 Nobis.

249 1904 619 1951 Fusco-nigricans,
647 1904 781 1940 subcus
802 1904 1023 1948 undulata,
1045 1915 1165 1940 rostro
1185 1905 1397 1942 subconico
1411 1936 1421 1950 ‚
1443 1907 1530 1943 basi
1537 1909 1687 1956 frontis
1705 1909 1776 1944 du—

176 1958 275 2006 plici
290 1962 382 1994 sima
403 1961 618 1996 denudato.

249 2016 373 2051 Allata
406 2017 439 2052 d.
469 2030 514 2065 27
547 2018 628 2053 Oct.
663 2019 761 2065 1789.
788 2017 1007 2054 Retulerunt
1030 2030 1111 2053 eam
1136 2032 1264 2067 parum
1292 2031 1354 2056 aut
1377 2027 1437 2057 vix
1459 2022 1526 2057 sibi
1547 2021 1594 2057 ab
1625 2022 1775 2056 homine

176 2080 352 2109 metuisse.

249 2130 493 2176 Magnimdo
517 2136 632 2166 anatis
651 2130 772 2166 fuscae
791 2140 852 2165 aut
872 2130 1066 2166 berniclae.
1094 2133 1320 2181 Corpulenta
1345 2145 1380 2170 et
1402 2145 1532 2170 torosa.

248 2186 431 2222 Roscmm
442 2187 702 2235 subconicum‚
722 2194 949 2233 anserinum,
968 2193 1131 2237 nigrum,
1150 2203 1271 2239 ungue
1283 2203 1438 2240 magno,
1453 2197 1533 2226 sinu
1546 2189 1646 2225 nudo
1659 2188 1772 2238 longo

195 2266 221 2285 ’δ’
