2054 2748
765 168 1165 197 PRAEFATIO.
1724 173 1771 201 .V

170 251 418 295 observata
439 249 693 293 memoriae
717 248 916 300 tradere,
942 261 1021 292 aut
1046 250 1171 309 quod
1189 248 1326 292 facile
1346 257 1391 292 et
1409 262 1502 293 non
1519 264 1621 296 raro
1642 255 1771 297 acci-

168 316 238 360 dit
253 351 262 368 ,
295 316 514 359 extremis
540 325 591 357 ut
614 314 784 357 dicitur
802 312 959 370 digitis
983 313 1238 374 leviterque
1264 315 1512 371 attingere,
1546 328 1624 358 aut
1640 334 1773 375 prae-

167 390 396 438 occupato
433 379 691 437 mobilique
724 378 883 421 animo
917 392 991 420 res
1032 380 1159 422 adire
1181 415 1189 431 ,
1234 390 1285 422 ut
1321 380 1480 438 quales
1518 380 1634 423 velis
1671 399 1773 428 esse

167 444 329 488 videas
344 480 353 497 ,
378 461 471 487 non
489 444 647 502 quales
667 443 770 484 sint.
804 442 896 485 Sed
914 442 1148 485 calamum
1165 459 1308 487 manu
1327 445 1533 488 tenendo
1550 445 1773 491 observa—

116 552 120 560 ,
167 518 307 568 taque
326 510 490 552 litteris
508 505 780 550 mandando
796 542 805 557 ,
829 522 922 550 non
947 507 1091 550 semel
1110 510 1252 551 modo
1270 510 1530 569 iterumque
1549 545 1558 562 ,
1582 511 1620 553 si
1643 511 1774 557 locus

167 584 310 625 esset,
328 575 387 617 ad
404 573 481 615 1113
496 571 739 614 redeundo
751 607 760 623 ,
775 571 949 629 diuque
966 582 1330 632 constanterque
1350 575 1398 616 111
1416 574 1504 617 illis
1522 575 1776 631 haerendo,

167 639 321 682 donec
351 637 486 680 omni,
511 646 719 694 exparte
752 636 1053 693 perlustrata,
1086 639 1400 696 pervestigata
1430 650 1476 683 et
1502 644 1778 700 percognita

169 713 325 746 essent
342 737 351 755 ,
373 702 583 745 veritatis
611 702 932 745 characterem
955 702 1363 747 observationibus
1393 705 1487 747 suis
1507 706 1776 763 imprimere

168 768 355 810 studuit.
372 768 517 826 quue
537 782 633 810 non
657 767 705 809 in
722 767 974 824 majoribus
995 767 1144 812 solum
1167 778 1360 812 naturae
1380 771 1674 827 corporibus,
1695 773 1778 816 sed

166 842 214 876 et
230 833 280 875 in
296 833 505 874 minimis
525 832 769 890 aciemque
789 833 1034 875 oculorum
1057 832 1394 890 effugientibus
1414 835 1537 878 fecit.

223 899 295 939 Ex
310 897 401 940 1100
420 912 631 940 summae
649 897 954 954 perfectionis
975 897 1131 942 studio
1149 908 1195 942 et
1213 914 1368 943 amore
1388 935 1396 951 ,
1415 910 1461 943 et
1477 915 1581 944 raro
1600 902 1778 959 ingenii

166 977 265 1004 11011
291 963 384 1004 nisi
412 961 758 1005 absolutissima
779 963 1023 1019 publicum
1046 963 1095 1005 in
1112 977 1251 1006 usum
1269 963 1545 1008 conferendi
1570 967 1778 1019 consilio⁷

167 1036 215 1070 et
237 1027 321 1070 otii
350 1027 513 1084 inopia
543 1027 740 1078 accidit,
764 1037 815 1070 ut
837 1029 993 1070 minus
1018 1027 1081 1071 ab·
1100 1043 1157 1071 eo
1180 1028 1422 1086 vulgatum
1440 1045 1582 1089 quam
1595 1032 1778 1075 ,collec—

167 1100 292 1144 tum,
313 1092 470 1134 minus
499 1107 557 1135 ex
590 1107 647 1135 eo
675 1092 874 1145 lectum,
907 1107 1048 1151 quam
1072 1107 1290 1138 sermone
1323 1095 1537 1138 auditum
1569 1097 1639 1139 sit.
1672 1098 1780 1155 Qua

168 1169 227 1199 ex
258 1171 424 1200 caussa
453 1158 597 1200 etiam
624 1156 798 1200 multae
828 1157 893 1200 illi
924 1157 1279 1203 observationes
1313 1159 1638 1205 obsolefactae—
1657 1173 1777 1215 sunt,

168 1231 215 1264 et
243 1223 499 1265 multorum
529 1223 629 1265 laus
661 1223 964 1266 inventorum
997 1223 1054 1266 ab
1090 1224 1193 1266 aliis
1227 1234 1484 1281 praerepta.
1515 1226 1779 1269 Lubentius

169 1299 353 1343 quoque
377 1288 750 1329 communicavit
769 1301 877 1329 curn
901 1287 1004 1328 aliis
1019 1319 1028 1337 ,
1053 1301 1172 1343 quae
1192 1287 1314 1328 intus
1333 1301 1544 1342 premere
1574 1303 1657 1331 suo
1679 1290 1779 1344 jure

167 1342 404 1403 Potuissct.
436 1351 652 1386 Eruclitio
681 1350 886 1400 denique
912 1350 1009 1398 ejus
1039 1359 1188 1394 vasta,
1217 1351 1297 1401 qui
1330 1351 1601 1392 innumeros
1624 1354 1779 1407 perle-

156 1420 297 1468 gerat
327 1408 470 1452 libros
495 1408 841 1466 scriptoresque
870 1407 1085 1450 omnium
1108 1417 1338 1461 aetatum,
1366 1410 1663 1472 pluriumque
1690 1416 1780 1460 lin-

168 1489 387 1533 guarum,
416 1488 563 1532 aeque
591 1488 645 1516 ac
679 1473 915 1516 amicitiae
947 1472 1114 1515 foedus
1134 1483 1179 1516 et
1197 1474 1501 1531 epistolarum
1519 1493 1627 1521 cum
1653 1482 1778 1526 cele—

168 1541 383 1584 berrimis
402 1550 595 1583 naturae
621 1538 955 1582 scrutatoribus
980 1548 1276 1582 contractum
1299 1544 1663 1597 commercium,
1690 1562 1777 1592 vo-

169 1605 348 1648 lumina
366 1603 604 1648 scribendi
628 1604 815 1648 abunde
834 1604 1080 1646 materiam
1103 1604 1167 1646 iili
1186 1606 1485 1663 suppeditare
1503 1611 1778 1665 potuissent.

227 1670 384 1727 Quare
407 1670 633 1727 plurima,
661 1679 757 1712 tam
781 1670 829 1711 in
851 1683 1008 1712 rerum
1032 1668 1317 1712 naturalium
1335 1672 1546 1726 cimelio,
1571 1690 1711 1733 quam
1729 1679 1779 1721 in

168 1734 459 1778 bibliotheca
477 1733 741 1777 Hermanni
759 1735 907 1777 nostri
925 1733 1170 1776 recondita
1189 1745 1297 1778 sunt
1316 1771 1324 1787 ,
1349 1752 1472 1795 quae
1486 1754 1583 1782 non
1601 1741 1660 1783 ad
1678 1744 1779 1785 ani-

167 1799 364 1842 malium
382 1799 556 1852 solum,
575 1800 657 1842 sed
681 1809 726 1842 et
745 1799 804 1842 ad
820 1797 1157 1856 vegetabilium
1181 1800 1452 1845 innumeras
1471 1804 1708 1859 cohortes,
1733 1818 1778 1851 et

170 1865 229 1908 ad
246 1865 545 1907 mineralium
563 1865 751 1921 agmina
769 1873 983 1922 spectant
997 1899 1006 1917 ,
1025 1879 1236 1922 quaeque
1261 1866 1457 1910 collecta
1480 1870 1529 1911 in
1545 1870 1648 1914 luce
1666 1874 1776 1930 poni

168 1939 446 1973 mereantur.
479 1929 622 1987 Quod
644 1929 719 1973 ille
739 1929 851 1971 dum
867 1929 1047 1972 viveret
1064 1945 1156 1972 non
1174 1930 1287 1973 fecit
1304 1966 1313 1984 ,
1342 1933 1389 1975 id
1408 1948 1517 1991 ego,
1547 1936 1643 1993 ejus
1663 1937 1776 1980 olim

171 1993 446 2052 discipulus,
465 2004 565 2036 tum
580 1994 787 2037 amicitia
803 2004 849 2038 et
865 1994 1091 2038 affinitate
1109 1996 1309 2053 junctus,
1329 2008 1374 2040 et
1391 2010 1497 2055 post
1512 2002 1660 2044 tristia
1678 2003 1772 2059 ejus

168 2057 266 2101 fata
284 2060 332 2102 in
352 2059 512 2102 schola
528 2060 913 2117 Argentoratensi
933 2075 1197 2114 successor,
1223 2076 1357 2119 agere
1376 2064 1640 2122 adgredior,
1660 2082 1773 2110 con-

172 2123 285 2166 siliis
305 2124 583 2183 auxiliisque
606 2124 749 2168 fultus
773 2126 862 2168 viri
887 2126 1178 2183 amplissimi,
1208 2130 1448 2174 rarnssmci
1478 2147 1746 2175 HERMANNI
1762 2168 1772 2184 ‚

171 2186 325 2233 fratris
345 2224 353 2243 ,
376 2204 525 2247 nuper
549 2188 865 2247 legislatorum
890 2192 1114 2236 Franciae
1142 2192 1337 2252 collegio
1366 2196 1587 2252 adscripti
1607 2195 1772 2247 ,hodie
