2054 2748
289 131 365 162 120
650 127 1116 164 OBSERVATIONES
1160 133 1523 165 ZOOLOGICAE.

278 219 429 262 ruginei.
454 216 652 252 Reccrices
675 217 875 252 duodecim
893 229 1001 265 supra
1025 216 1163 263 fuscae,
1190 217 1316 253 subtus
1340 224 1526 265 cinereae,
1551 219 1706 256 obscure
1725 221 1894 260 fasciatae

276 270 394 308 fasciis
413 271 487 308 fere
511 286 656 311 novem.
692 275 886 323 Uropygii
902 286 1048 322 pennae
1065 274 1193 322 albae,
1219 275 1365 312 macula
1379 282 1492 326 apicis
1513 277 1613 314 fusca
1636 278 1797 316 cordata.

919 379 1253 438 AQUILA„

348 477 398 513 D.
421 491 453 525 7.
473 478 580 513 Mart.
605 476 702 524 1769.
722 489 744 512 a
763 476 829 513 D.⁰
853 477 899 512 de
919 477 1081 527 Geyling
1101 485 1218 514 missa.

348 533 589 582 Amplitudo
603 533 748 571 volatus
767 540 931 585 quinque
949 537 1089 585 pedum
1108 549 1194 572 cum
1207 535 1345 586 pollice
1364 549 1463 583 unc,
1482 537 1570 574 licet
1584 543 1722 587 priores
1740 545 1892 589 remiges

274 602 466 627 nascentes
486 590 630 627 fuerint.

350 648 466 682 Color
484 653 522 682 iu
549 654 759 685 universum
785 662 831 685 ex
858 657 986 700 nigr0,
1016 651 1118 687 fusco
1143 661 1180 687 et
1201 651 1288 688 albo
1316 658 1527 700 variegatus.
1561 653 1787 701 Palpebrae
1805 655 1893 691 sub-

273 705 402 740 nudae.
430 707 505 741 In's
524 704 631 741 fulva.
671 707 767 742 Cera
789 707 880 744 flava
900 715 954 744 uti
976 718 1012 743 et
1036 708 1211 758 cartilago
1235 710 1282 745 ad
1302 710 1479 758 angulum
1504 716 1584 746 oris.
1610 713 1740 748 Nares
1763 722 1892 748 ovatae

271 767 310 796 in
331 762 563 798 interioribus
590 764 803 813 cartilagine
832 765 977 802 divisae.
1011 767 1199 803 Rostrum
1220 766 1403 813 validum,
1427 767 1636 813 aduncum,
1666 768 1743 804 basi
1763 775 1891 805 cornei

271 818 427 864 coloris,
459 826 563 868 apice
587 827 743 870 nigrum.
771 824 983 858 Denticulc'
1006 824 1182 860 maxillae
1212 830 1407 873 superioris
1433 824 1539 859 nulli.
1571 825 1699 861 Pedes
1716 826 1890 875 plumosi,

269 874 367 921 albi,
394 876 441 911 ad
464 890 579 926 usque
600 878 734 926 digitos
752 879 912 926 validos,
936 880 1069 928 flavos,
1092 894 1250 931 superne
1270 892 1387 918 tectos
1406 888 1567 931 squamis
1586 881 1710 928 flavis,
1736 895 1893 931 quarum

269 941 341 968 tres
358 935 614 982 magnitudine
637 949 763 971 semen
782 938 922 983 maydis
941 938 1123 984 referunt,
1147 939 1272 975 subtus
1288 939 1461 988 papillosi
1479 950 1565 975 sunt
1583 939 1710 987 digiti,
1730 940 1795 975 sed
1813 953 1893 976 non

269 996 395 1038 asperi.
430 991 594 1040 Ungues
622 999 738 1041 nigri,
768 993 1004 1040 validissimi,
1026 1001 1179 1030 interior
1207 1006 1244 1031 et
1266 1001 1446 1044 posterior
1467 996 1542 1030 fere
1566 996 1786 1040 biunciales;
1813 1009 1892 1031 me-

268 1046 350 1082 dius
383 1057 420 1084 et
448 1055 605 1084 extimus
637 1052 772 1098 digitus
803 1051 1018 1087 membrana
1047 1059 1220 1089 connexi.
1261 1054 1439 1089 Braccae
1472 1053 1724 1102 dependentes
1756 1053 1890 1090 fuscae.

268 1103 379 1139 Alae
397 1111 540 1154 spuriae
559 1119 705 1155 pennae
726 1117 894 1156 quatuor.
920 1109 1107 1157 Remiges
1129 1115 1322 1158 primariae
1342 1122 1500 1156 novem,
1524 1110 1761 1146 secundariae
1786 1111 1890 1146 sede-

267 1166 341 1195 cim
353 1176 361 1206 ;
383 1175 512 1198 omnes
530 1177 604 1199 una
620 1177 705 1199 curn
720 1165 928 1200 tectrieibus
941 1194 950 1211 ,
975 1172 1079 1214 apice
1101 1172 1246 1214 nigrae,
1265 1166 1369 1202 basin
1391 1180 1510 1203 versus
1534 1167 1642 1203 albae
1656 1195 1665 1212 ,
1691 1173 1740 1203 ita
1763 1177 1890 1203 tamen

265 1227 306 1253 ut
326 1231 405 1253 non
428 1219 586 1255 abscisso
606 1227 770 1269 margine
788 1222 827 1256 lu·
847 1222 921 1257 duo
945 1222 1090 1258 colores
1114 1223 1405 1272 distinguantur,
1429 1225 1495 1260 sed
1514 1225 1668 1273 nigredo
1688 1231 1824 1260 sensim
1849 1230 1890 1260 in

264 1274 478 1312 albedinem
497 1277 645 1325 abiens,
670 1284 831 1314 cinereas
856 1284 1005 1327 exiguas
1029 1280 1194 1316 maculas
1212 1280 1403 1327 efformet,
1429 1281 1561 1330 quibus
1579 1291 1616 1317 et
1641 1287 1717 1330 ipsa
1741 1281 1889 1318 rhachis

264 1338 436 1381 pingitur.
464 1335 613 1371 Albedo
638 1335 767 1372 baseos
794 1343 976 1383 remigum
1004 1343 1044 1372 in
1071 1344 1253 1373 exteriore
1280 1344 1427 1385 remigis
1452 1345 1618 1386 margine
1638 1345 1817 1375 remotior
1840 1340 1889 1375 ab

264 1396 369 1438 apice
389 1396 540 1439 incipit,
561 1404 673 1439 quam
691 1398 730 1426 in
749 1398 923 1427 interiore
942 1397 1128 1438 margine,
1147 1392 1212 1427 ubi
1230 1402 1355 1427 tamen
1374 1393 1544 1428 maculae
1563 1399 1729 1428 cinereae
1743 1405 1819 1429 tam
1839 1395 1888 1430 ad

264 1446 481 1481 rhachidem
505 1460 617 1496 quam
640 1447 687 1482 ad
708 1460 788 1482 oras
808 1447 954 1495 longius
974 1447 1181 1483 decurrunt.
1208 1450 1252 1483 In
1271 1459 1375 1497 parte
1396 1455 1500 1497 nigra
1520 1456 1701 1498 remigum
1719 1452 1888 1487 maculae

264 1502 352 1539 hinc
372 1503 460 1539 inde
479 1504 702 1552 pallidiores.
731 1507 773 1540 In
799 1504 1038 1539 Teccricihus
1056 1504 1287 1540 inferioribus
1311 1518 1405 1554 apex
1422 1506 1506 1555 plus
1525 1513 1646 1542 minus
1668 1507 1784 1543 albus.
1811 1510 1887 1544 Ca-

261 1562 358 1608 pitis
376 1570 413 1596 et
437 1560 527 1596 colli
550 1574 695 1609 pennae
715 1561 1115 1608 lineari-lanceolatae,
1135 1562 1212 1598 basi
1233 1562 1360 1608 albae,
1387 1564 1512 1599 medio
1535 1564 1676 1610 fuscae,
1699 1572 1804 1614 apice
1827 1566 1885 1602 lu-

264 1627 356 1653 teae.
383 1618 560 1654 Pectoris
579 1631 723 1667 pennae
742 1619 819 1654 basi
832 1618 957 1665 albae,
972 1619 1095 1654 medio
1116 1626 1321 1668 variegatae
1334 1648 1343 1665 ,
1357 1626 1461 1669 apice
1474 1626 1587 1669 nigro.
1607 1622 1729 1657 Dorsi
1740 1635 1887 1670 pennae

264 1674 421 1721 similes,
444 1675 508 1710 sed
526 1681 564 1710 in
583 1676 707 1711 medio
727 1675 806 1711 non
819 1681 1032 1724 variegatae.
1060 1677 1236 1712 Plumae
1256 1677 1446 1713 candidae.
1473 1679 1719 1714 Braccarum
1738 1675 1885 1727 pennae

264 1731 352 1767 albo
374 1738 556 1781 nigroque
585 1739 789 1781 variegatae
805 1761 814 1778 ,
839 1732 916 1768 basi
944 1732 1062 1768 albae.
1102 1734 1266 1771 Caudae
1287 1740 1458 1771 rectrices
1482 1735 1682 1772 duodecim
1700 1749 1722 1772 a
1741 1736 1817 1773 basi
1836 1737 1883 1772 ad

263 1798 321 1825 ter
339 1799 506 1838 quartam
525 1800 669 1839 partem
692 1789 799 1826 albae
812 1818 821 1836 ,
842 1796 946 1838 apice
966 1796 1100 1839 nigrae.

627 1909 877 1953 STRIX
926 1907 1294 1953 BUTALIS.
1355 1910 1519 1954 Nobisa

691 2001 760 2044 Le
797 1998 1036 2044 Grtmaud.
1083 2001 1187 2044 Der
1206 2002 1461 2047 Μαεεῖιιινν,

338 2101 475 2145 Alba,
496 2115 722 2150 pennarum
742 2101 908 2137 macula
923 2104 1036 2149 scapi
1051 2101 1344 2149 lorzgiczidinali
1352 2103 1501 2150 fusca,
1516 2103 1665 2150 fasciis
1683 2107 1880 2153 remigum

266 2163 550 2209 reccrlcumque
566 2160 727 2196 obscure
745 2162 910 2196 einer-eis
922 2186 935 2203 ,
952 2161 1086 2206 puris,
1108 2159 1149 2207 (i.
1164 2172 1194 2195 e.
1212 2172 1291 2195 non
1309 2165 1538 2209 interruptis,
1557 2171 1620 2197 aut
1642 2174 1687 2198 ex
1706 2162 1784 2198 aliis
1802 2176 1880 2200 ma-

266 2216 357 2251 culis
381 2216 626 2266 compositis).

1726 2278 1876 2326 Magna.
