2054 2748
849 134 880 162 A
911 134 941 163 V
974 135 999 162 E
1032 132 1064 162 S.
1708 141 1784 184 175

175 224 325 267 regione
344 217 422 254 nidi
436 217 661 254 habitabant.
683 219 844 253 Lucente
865 216 953 253 luna
973 224 1086 253 etiam
1109 215 1306 253 evolabant
1328 227 1365 253 et
1382 218 1429 253 ad
1453 220 1582 256 nidum
1605 235 1783 271 congere-

175 276 275 311 bant.
300 276 443 312 Ultimo
461 277 603 321 Martii,
625 275 809 310 destructo
830 280 940 311 veteri
961 275 1050 310 nido
1064 304 1072 320 ,
1092 280 1131 309 in
1145 280 1276 310 vicinia
1296 274 1409 311 alium
1425 287 1669 323 exstruentes,
1690 293 1785 314 11011-

176 333 266 368 dum
287 332 444 368 multum
465 332 659 381 profecisse
681 331 922 375 videbantur,
949 344 1017 366 nec
1036 331 1144 367 valde
1162 332 1312 367 sedulae
1330 343 1454 378 erant,
1485 333 1598 369 altera
1624 336 1785 383 plerum-

175 402 248 438 que
271 389 375 425 domi
394 399 592 435 manente,
619 400 656 425 et
676 395 777 437 quasi
798 401 862 437 per
885 388 1015 424 ludum
1037 399 1073 423 et
1095 395 1211 423 otium
1243 389 1492 438 (paremzui)
1517 391 1639 439 aliqua
1665 393 1787 441 dispo-

173 456 297 482 nente.
319 446 467 481 Abhinc
492 456 577 481 octo
599 447 673 492 jam
692 444 819 480 diebus
836 455 872 480 et
892 445 988 480 ultra
1007 451 1134 480 coiisse
1161 452 1255 480 visae
1280 457 1383 492 sunt,
1402 453 1517 483 sexies
1539 446 1613 482 fere
1639 449 1684 483 cle
1710 450 1786 495 die,

174 502 268 538 hora
289 503 451 548 decima,
479 513 514 538 et
533 501 666 537 deinde
685 501 835 549 singulis
861 502 933 536 sere
954 501 1072 546 horis,
1097 509 1292 550 praecipue
1312 504 1489 539 redeunte
1508 518 1607 540 marc
1625 533 1633 550 7
1665 505 1727 540 ubi
1750 520 1787 541 se

174 559 421 608 glotcratione
443 559 627 604 salutant,
655 569 691 594 et
715 569 793 594 tum
818 558 952 608 copula
973 558 1188 594 celebratur.
1219 560 1303 594 Vidi
1329 571 1452 596 tamen
1476 575 1623 610 quoque
1650 575 1787 598 marem

175 616 314 666 absque
334 622 478 665 praevia
493 615 737 663 gloteratione
761 626 824 651 aut
847 616 920 651 alio
940 622 1074 651 amoris
1089 616 1302 665 ardorisque
1321 625 1533 654 testimonio
1551 619 1733 655 sustulisse
1752 632 1788 655 se

174 674 300 710 volatu
328 684 364 708 et
387 670 561 709 feminam
584 683 742 709 stantem
768 673 834 709 alis
865 679 1031 721 expansis
1065 679 1343 722 compressisse,
1381 676 1482 725 quod
1507 676 1618 724 paulo
1653 677 1788 713 diutius

174 742 284 778 quam
301 735 337 765 in
358 730 494 778 gallina
515 730 679 766 durabat.

248 787 364 822 Collis
385 788 544 823 multum
564 787 753 823 colludere
773 798 809 823 et
829 794 963 824 mutuis
983 787 1205 837 implexibus
1229 790 1381 838 jungere
1405 790 1578 826 dicuntur
1594 791 1640 826 ab
1662 797 1703 827 iis
1725 797 1788 840 qui

173 855 193 877 e
214 850 365 891 regione
385 845 464 880 nidi
482 845 660 881 habitant.

245 901 321 936 Die
355 909 405 944 14.
428 902 564 950 Aprilis
590 907 689 949 1751.
712 907 896 937 ciconiam
915 903 1087 938 fenestras
1111 915 1208 939 meas
1225 903 1559 952 praetervolantem
1581 905 1701 940 adime
1715 905 1790 940 vidi

173 967 354 994 sarmenta
374 971 440 1006 pro
457 959 546 993 nido
563 971 761 1005 congerere
777 987 784 1005 ,
802 972 918 1007 quum
931 960 1069 994 alterae
1093 972 1182 1007 quas
1206 965 1382 995 coeuntes
1399 959 1694 1006 observaveram,
1715 963 1790 1007 jam

175 1013 271 1049 ultra
288 1020 531 1063 septimanam
550 1015 604 1050 nil
623 1015 780 1064 amplius
809 1021 1096 1062 congessissent3
1126 1015 1229 1064 quod
1256 1026 1292 1052 et
1318 1016 1440 1052 adhuc
1463 1017 1521 1052 die
1537 1017 1568 1054 5.
1587 1019 1679 1064 Maji
1697 1017 1788 1065 vidi,

172 1083 287 1119 quum
310 1071 446 1106 alterae
468 1074 543 1118 jam
565 1071 688 1120 pullos
706 1072 840 1107 habere
862 1072 1079 1107 dicerentur.

246 1127 330 1162 Scio
345 1133 529 1163 ciconiam
549 1134 586 1163 in
605 1128 693 1163 nido
713 1141 790 1163 non
805 1128 911 1163 aliter
931 1128 1112 1176 gloterare
1132 1134 1199 1163 nisi
1216 1135 1425 1177 resupinato
1442 1130 1543 1165 collo
1560 1143 1643 1166 cum
1656 1137 1788 1180 capitc3

173 1194 209 1219 et
229 1184 371 1219 sibene
399 1190 572 1230 memini,
600 1197 714 1233 quum
734 1190 870 1220 irritata
893 1195 1008 1230 essct,
1040 1187 1207 1233 projecto
1233 1193 1361 1234 capite.
1389 1187 1463 1222 Sed
1486 1187 1597 1222 audio
1625 1201 1724 1223 nunc
1753 1199 1788 1223 et

173 1240 363 1276 volantem
386 1241 587 1289 gloterare,
614 1241 678 1276 ubi
708 1241 765 1275 die
785 1241 840 1275 25.
860 1243 946 1276 ι111111
974 1252 1071 1288 1799.
1093 1241 1181 1288 (Ao.
1203 1241 1254 1287 8.)
1282 1242 1389 1276 video
1417 1252 1487 1277 tres
1511 1248 1672 1278 ciconias
1698 1256 1788 1278 con-

173 1307 294 1332 suetos
324 1298 480 1332 circulos
506 1304 545 1332 in
572 1297 648 1333 alto
678 1297 824 1333 aethere
857 1296 1082 1341 describere,
1112 1297 1210 1344 (sine
1239 1296 1352 1332 dubio
1381 1309 1549 1346 parentes
1575 1312 1659 1333 cum
1680 1300 1786 1348 pullo

171 1354 220 1388 acl
242 1353 407 1388 volatum
431 1359 621 1397 instituto,
648 1363 711 1388 aut
736 1362 805 1388 tres
825 1353 919 1398 pulli
939 1353 1066 1387 volatu
1088 1365 1126 1387 se
1148 1353 1380 1399 exercentes)
1411 1365 1447 1389 et
1470 1364 1646 1402 protenso
1670 1363 1789 1404 capite
1841 1370 1846 1374 ’

196 1409 362 1444 loterare.

171 1421 193 1457 g
244 1467 313 1501 Ao.
338 1467 413 1501 VII.
435 1466 469 1501 cl.
495 1481 546 1501 11.
575 1465 811 1501 Thermidor.
842 1466 1029 1514 (Augusto
1064 1465 1181 1513 1798.)
1206 1466 1316 1502 refert
1335 1466 1482 1516 collega
1507 1467 1788 1517 Schweighaeu-

172 1535 290 1568 serus,
317 1523 434 1558 filium
453 1522 520 1558 sibi
535 1529 724 1558 asseruisse
747 1523 863 1571 pridie
886 1529 976 1559 visas
1002 1535 1078 1558 esse
1094 1532 1244 1558 centum
1261 1522 1333 1558 fere
1354 1530 1513 1560 ciconias
1540 1526 1787 1574 (septuaginta

172 1589 340 1615 accurate
368 1590 580 1615 numeratae
602 1590 710 1625 sunt,
737 1589 1024 1628 supervenerunt
1046 1579 1132 1614 dein
1153 1579 1276 1615 adhuc
1303 1581 1442 1617 multae
1464 1581 1576 1630 aliae)
1601 1583 1787 1631 irregulari

173 1636 301 1672 ordine
324 1649 432 1684 supra
454 1636 584 1671 urbem
598 1636 787 1682 volantes,
809 1637 1011 1672 directione
1025 1636 1071 1671 ab
1092 1647 1275 1673 euronoto
1301 1637 1541 1687 (Noni-Est)
1564 1652 1685 1675 versus
1704 1640 1786 1676 afri-

173 1706 259 1728 cum
285 1693 561 1740 (sud-Ouesc.)
582 1694 644 1740 (In
666 1706 799 1742 magna
819 1699 917 1729 inter
937 1693 1180 1728 Selestadiam
1195 1703 1231 1728 et
1251 1693 1476 1730 Colmariam
1491 1696 1653 1732 Alsatiae
1668 1697 1786 1746 plani-

169 1755 219 1785 tie
234 1759 296 1784 aut
310 1759 454 1784 carecto
468 1755 562 1784 inter
577 1749 749 1785 Rhenum
764 1760 799 1785 et
813 1749 938 1784 Ellam
949 1755 1147 1798 quotannis
1161 1762 1286 1786 mense
1296 1751 1555 1788 Thermidorio
1576 1753 1783 1802 (Augusto)

172 1819 328 1855 magnae
352 1806 523 1841 cohortes
551 1819 587 1841 se
615 1816 865 1854 congregant,
891 1806 939 1842 ad
957 1806 1080 1855 plures
1101 1817 1275 1844 centenas
1295 1821 1403 1857 saepe
1422 1837 1430 1854 ,
1458 1809 1534 1845 dies
1557 1816 1595 1845 in
1616 1818 1726 1859 pratis
1752 1822 1786 1847 ct

173 1869 325 1899 carectis
345 1874 578 1912 peragentes,
606 1873 720 1899 noctu
740 1869 779 1898 in
796 1863 978 1910 sylvarum
1005 1869 1267 1912 attingentium
1289 1865 1478 1901 arboribus
1505 1880 1542 1902 se
1564 1878 1731 1903 tenentes
1751 1878 1785 1903 et

172 1921 372 1970 perplures
387 1927 609 1969 septimanas
623 1920 684 1955 hic
700 1931 951 1969 permorantes
964 1935 971 1964 3
987 1921 1137 1956 tandem
1152 1922 1332 1958 collectae
1343 1928 1411 1958 iter
1421 1924 1684 1972 ingrediuntur.
1695 1924 1780 1971 Ed.)

246 1979 289 2012 In
311 1983 461 2012 ciconiis
482 1983 594 2013 etiam
621 1977 770 2025 (saltem
789 1977 911 2025 nigra)
941 1977 1094 2013 observo
1121 1991 1259 2026 ungues
1284 1979 1428 2026 breves,
1455 1981 1579 2016 medio
1613 1988 1784 2017 nitet-iore

172 2040 337 2081 margine
363 2046 441 2069 11011
469 2045 616 2070 serrato.
643 2036 767 2070 Etiam
793 2035 949 2082 digitum
971 2035 1136 2070 inedium
1164 2050 1249 2071 cum
1276 2048 1434 2086 utroque
1464 2044 1583 2073 vicino
1613 2037 1783 2085 semipal-

173 2101 272 2126 mata
289 2091 503 2129 membrana
522 2093 764 2138 conjunctum
779 2121 787 2138 ‚
815 2105 929 2140 quum
945 2098 984 2127 in
1002 2092 1120 2129 ardeis
1135 2099 1281 2142 proprie
1295 2094 1420 2141 dictisj
1445 2105 1588 2131 tantum
1603 2104 1783 2129 extremus

171 2158 424 2195 conjungatur.

245 2205 470 2242 Necessitate
492 2216 644 2243 coactae
667 2206 822 2243 bufones
847 2205 970 2243 edunt.
1008 2207 1200 2247 Aestivant
1226 2221 1292 2258 per
1318 2219 1387 2246 tres
1414 2220 1554 2245 menses
1585 2207 1683 2256 apud
1703 2220 1782 2245 nos.
