2054 2748
289 158 344 213 64
659 161 1136 197 osssrnvA'rmNEs
1183 162 1541 194 zOOLOGICAE.

365 255 407 288 In
437 252 644 288 decumano
670 249 836 288 verticilli
861 247 1000 284 caudae
1027 260 1073 283 ex
1099 252 1227 297 viginti
1252 258 1411 296 quatuor
1442 254 1600 297 squamis
1625 253 1821 297 compositi
1844 254 1895 286 vi-

290 310 433 346 dentur.
464 312 506 345 In
532 311 663 356 javano
689 307 859 345 videntur
881 317 960 342 esse
986 305 1142 341 totidem
1162 334 1171 351 ,
1211 306 1276 341 sed
1299 307 1454 352 majores
1479 319 1652 355 squamae
1673 320 1681 351 ;
1716 306 1897 342 difficilius

291 368 340 404 ob
362 367 592 403 inhaerentes
612 365 772 402 sacchari
800 376 847 398 ex
866 363 1011 413 liquore
1042 369 1290 398 conservativo
1324 362 1519 410 particulas
1554 373 1801 399 numerantur.
1827 363 1898 398 Pili

290 437 459 474 squamas
485 429 779 470 interstingentes
800 429 886 458 sunt
913 426 1113 457 crassiores.
1141 423 1183 456 In
1205 419 1357 469 pedibus
1377 425 1501 456 omnia
1523 420 1634 469 plane
1657 421 1804 464 eadem,
1830 425 1898 455 nisi

292 483 394 531 quod
413 483 515 531 digiti
539 486 749 526 crassiores,
768 479 1005 521 robustiores.¹
1029 478 1193 514 Eaedem
1206 476 1375 527 papillae.
1402 478 1566 514 Tantum
1587 477 1804 526 unguiculus
1818 477 1900 526 pol-

290 539 409 576 licaris
431 539 568 588 pedum
587 542 814 573 anteriorum
835 541 994 572 crassior.

364 596 479 632 Color
500 593 662 643 pilorum
681 594 976 630 abdominalium
998 592 1109 629 flavus
1130 597 1169 628 in
1188 593 1318 639 javano
1344 597 1465 640 potius
1487 591 1605 627 fulvus
1633 601 1696 629 aut
1720 591 1898 628 helvolus.

363 655 562 700 Utriusque
584 658 676 687 cutis
706 657 914 700 portionem
943 663 962 685 e
990 650 1112 685 medio
1142 651 1251 686 dorso
1277 650 1484 685 desumtam
1510 649 1558 684 ad
1583 656 1901 698 comparationem

291 709 552 747 instituendam
571 715 610 745 in
631 709 853 757 trichologia
873 721 954 744 mea
980 719 1168 744 conservo,
1196 707 1313 743 Pedes
1337 720 1422 742 cum
1449 706 1596 742 naribus
1621 713 1716 743 inter
1735 707 1899 744 delinea-

291 775 408 804 tiones
429 779 539 803 meas.

363 861 461 895 Mus
493 859 756 894 Decamanas
787 868 865 890 non
887 868 974 890 sane
1005 861 1136 889 nostris
1164 855 1315 889 demum
1348 854 1574 902 temporibus
1607 858 1778 888 innotuit.
1805 856 1902 889 Ecce

292 917 418 952 locum
433 921 617 964 scriptoris
635 913 748 949 seculi
760 912 1065 948 XVIJolzannis
1076 911 1277 946 Fisclzarci
1291 916 1354 959 qui
1369 916 1406 945 in
1426 910 1521 945 libro
1539 923 1546 944 ε
1560 910 1680 944 Aller
1694 910 1903 945 Pmclccick

296 974 571 1009 Grossmzzccer.
608 971 703 1017 1593.
736 970 818 1017 (qui
839 979 891 1004 est
910 980 1027 1014 satyra
1046 970 1265 1015 astrologica
1289 967 1489 1002 calendarii
1514 967 1632 1001 torma
1655 972 1900 1015 conscriptus,

293 1037 439 1079 ignotus
476 1027 762 1075 bibliographis,
796 1026 927 1060 saliem
957 1031 1099 1060 auctori
1134 1025 1207 1058 cler
1236 1023 1470 1059 Clzaraccere
1505 1022 1715 1058 deutsclzer
1739 1023 1908 1059 Dichter

295 1089 378 1124 und
390 1088 642 1127 Prosaiscea,
670 1089 732 1132 qui
746 1095 825 1131 pag.
844 1095 899 1129 ψ.
916 1093 1057 1117 ceteros
1077 1082 1153 1127 ejus
1173 1080 1285 1115 libros
1305 1089 1491 1125 recenset,
1507 1079 1606 1114 hunc
1630 1085 1797 1127 ignorat,
1817 1080 1905 1116 licet

294 1150 491 1181 certissime
522 1148 567 1177 sit
591 1142 755 1188 ejusdem
773 1139 949 1186 auctoris)
975 1139 1036 1173 foi.
1063 1137 1098 1172 k.
1123 1151 1154 1172 v.
1176 1143 1249 1172 ita:
1271 1139 1355 1171 «ΖΗ
1380 1138 1575 1185 Augspurg
1598 1137 1747 1172 werden
1776 1137 1906 1172 kleine

296 1203 476 1237 «Raccen
503 1209 639 1234 anstatt
675 1198 741 1233 der
771 1209 935 1245 grossen
973 1196 1236 1231 Urlissmiizcss
1266 1206 1378 1240 seyn,
1413 1193 1603 1242 gleichwie
1634 1194 1819 1242 hingegen
1847 1194 1906 1229 die

295 1275 313 1291 α
327 1261 543 1292 Costentzer
566 1260 633 1288 mit
651 1266 802 1301 grossen
820 1255 957 1287 Ratten
975 1251 1226 1299 angefochten
1241 1266 1269 1285 η.

366 1313 442 1350 Ubi
463 1324 550 1347 sane
576 1310 635 1346 vel
663 1322 785 1358 grosse
814 1308 1058 1346 Urlissm'ause
1089 1312 1206 1356 parvis
1237 1311 1338 1342 ratris
1368 1311 1546 1354 oppositi,
1573 1305 1632 1342 vel
1658 1311 1688 1341 si
1707 1306 1746 1341 hi
1764 1319 1907 1343 murem

295 1369 524 1417 amphibium
548 1368 760 1413 designent,
787 1366 847 1399 die
869 1377 1032 1410 grossen
1050 1366 1201 1397 Rata-etz.
1220 1376 1263 1395 zu
1289 1366 1448 1396 Costanz
1478 1375 1622 1396 murem
1659 1364 1907 1400 decumanum

296 1426 498 1475 significare
517 1423 697 1458 videntur.

370 1482 471 1529 Quid
498 1492 583 1517 vero
626 1477 751 1513 Urliss
776 1475 982 1524 significat?
1010 1477 1120 1510 Nom»,
1138 1490 1160 1509 η
1180 1480 1218 1509 iu
1238 1473 1418 1521 glossariis
1446 1485 1525 1508 non
1547 1480 1699 1522 reperio.
1726 1477 1791 1512 Est
1809 1476 1908 1522 sylva

298 1544 485 1591 quercaria
515 1543 610 1572 inter
632 1534 931 1570 Trottenhausen
957 1542 994 1568 et
1015 1530 1315 1566 Oberchenheim
1345 1530 1393 1566 ad
1418 1530 1554 1579 pedem
1589 1537 1726 1567 montis
1760 1533 1908 1569 Odiliae

298 1598 390 1635 infra
415 1598 502 1632 Bai-r
526 1593 706 1629 inferioris
730 1591 932 1627 Rhenanae
958 1589 1214 1625 praefecturae
1236 1600 1300 1623 seu
1325 1587 1488 1623 Alsatiae
1517 1588 1698 1636 oppidum
1729 1601 1823 1638 quae
1841 1590 1912 1626 cler

306 1654 413 1692 Urlis
435 1661 596 1689 vocatur.

371 1737 531 1772 Min-em
553 1741 648 1768 ratto
668 1729 924 1778 magnitudine
943 1729 1102 1764 similem
1117 1756 1126 1774 ,
1157 1728 1222 1764 sed
1247 1727 1373 1762 colore
1396 1726 1559 1776 pilorum
1582 1731 1729 1762 cinereo
1757 1735 1794 1763 et
1816 1739 1906 1777 qua-

299 1794 401 1830 litate
420 1790 593 1826 molliore
622 1788 812 1836 caudaque
835 1787 1000 1822 breviore
1025 1786 1230 1830 diversum,
1259 1784 1536 1833 Tranquebaria
1567 1789 1664 1819 misit
1686 1785 1906 1831 Rocclems,

300 1854 569 1893 missionarius,
601 1852 695 1882 etin
717 1845 844 1881 litteris
871 1844 905 1880 d.
926 1850 958 1886 4.
988 1843 1091 1878 Febr.
1126 1851 1224 1889 ¹794·
1251 1841 1315 1889 (A.
1336 1841 1388 1888 2.)
1411 1846 1572 1889 scripsit,
1609 1845 1648 1874 in
1674 1840 1845 1877 domibus
1872 1855 1908 1880 et

300 1909 438 1945 horreis
457 1917 583 1951 oryzae
603 1903 802 1952 plurimum
817 1902 943 1938 damni
957 1899 1099 1935 inferre.
1115 1898 1225 1934 Plura
1240 1908 1396 1934 centena
1414 1904 1453 1933 in
1472 1910 1547 1933 uno
1564 1897 1695 1932 horreo
1719 1898 1906 1949 (Cutang)

301 1965 465 2002 habitare
481 1990 490 2007 ,
526 1971 562 1996 et
580 1973 771 1995 murorum
789 1959 1029 1995 fundamenta
1051 1955 1259 2001 suffodere,
1286 1966 1327 1991 ut
1347 1965 1519 1991 corruant
1533 1982 1542 2000 ,
1568 1959 1637 1989 nisi
1660 1961 1764 1991 omni
1792 1957 1907 1992 modo

301 2023 386 2058 huic
416 2024 507 2069 pesti
529 2018 675 2053 obviam
697 2027 809 2052 eatur.
854 2017 955 2052 Misit
973 2023 1111 2058 cutem,
1138 2012 1201 2048 sed
1219 2012 1317 2048 male
1337 2012 1567 2049 mulctatam.
1594 2011 1721 2048 Aliam
1738 2022 1906 2062 expecto,

307 2080 585 2127 (postmortem
600 2076 802 2109 Hermanni
822 2070 1045 2120 acceptam.)

376 2182 438 2216 De
479 2192 585 2215 mure
625 2178 826 2226 sylvatico
866 2182 1000 2212 mirum
1040 2175 1144 2224 quod
1183 2171 1405 2209 Schreberus
1445 2185 1523 2208 non
1553 2172 1674 2217 dicat,
1722 2171 1907 2208 saltuatim

304 2239 410 2274 ,illum
435 2249 587 2273 currere.
625 2237 784 2283 Magnos
816 2246 899 2272 vere
929 2233 1041 2269 saltus
1060 2261 1070 2280 ,
1100 2231 1294 2268 altitudine
1324 2243 1431 2279 saepe
1456 2229 1561 2279 pedis
1590 2228 1700 2275 facit,
1736 2229 1908 2264 hincinde

1776 2291 1907 2321 nostris
