2054 2748
691 178 1139 207 AMPHIBIA.
1635 165 1717 220 257

334 259 719 305 LACERTA
764 257 1292 303 OCCITANICA.
1338 257 1499 301 Nobis.

193 361 332 398 Gauda
353 361 626 404 verticillactz,
652 360 867 402 mediocri,
893 372 1050 407 corpore
1070 359 1216 402 viridi,
1244 357 1415 393 maculis
1442 357 1717 405 szabooellacis,

117 418 230 455 albis.

188 475 400 524 Longitudo
429 475 524 523 pede
554 473 666 522 paulo
691 474 817 520 major.
855 475 1039 508 Crassities
1069 473 1385 521 sesquipollicaris.
1423 471 1521 507 Colli
1548 483 1720 520 squamae

115 534 273 578 majores
295 533 359 567 sed
383 538 541 567 minores
563 530 787 575 dorsalibus,
811 540 949 578 puncto
966 535 1140 577 impresso
1156 535 1194 564 in
1213 529 1406 578 plerisque.
1433 530 1508 564 Has
1528 535 1639 576 cingit
1666 542 1721 563 se-

115 594 185 623 ries
205 601 437 637 squamarum
461 589 643 634 majorum
667 587 797 622 decem
822 596 884 621 aut
913 587 1095 621 undecim.
1132 587 1220 621 Post
1247 586 1342 621 hanc
1363 592 1461 634 regio
1489 585 1721 633 longitudine

116 650 225 679 trium
254 644 433 679 linearum
461 656 507 678 ex
534 649 692 691 squamis
720 648 978 677 minutissimis.
1016 644 1113 677 Tum
1142 649 1248 678 series
1281 655 1514 692 squamarum
1541 644 1722 689 majorum

115 700 376 735 rhombearum
402 699 636 735 alternarum.
671 699 977 734 Abdominalium
1004 712 1238 748 squamarum
1265 699 1578 734 rhomboidalium
1605 705 1723 734 conti-

116 769 269 804 guarum
291 757 387 804 (non
413 756 656 804 alternarum)
686 761 793 791 series
815 762 940 803 viginti
964 763 1138 806 quinque.
1166 759 1302 792 Earum
1322 763 1360 792 in
1380 756 1503 791 medio
1523 756 1723 791 abdomine

116 813 247 848 decem
269 819 498 848 transversim
518 824 601 848 sunt
622 819 772 861 positae.
800 814 942 849 Puncta
962 819 1163 849 excretoria
1183 814 1308 849 subtus
1327 819 1366 849 111
1388 812 1586 848 femoribus
1601 822 1723 862 poste-

116 869 270 904 rioribus
295 870 502 905 duodecim.

189 926 279 960 Duo
299 932 496 974 specimina
517 926 729 974 Monspelio
745 932 850 962 missa
869 928 939 962 Ao.
958 928 1017 962 VI.
1038 929 1141 975 Reip.
1159 927 1303 975 (1797.)
1322 940 1342 962 a
1362 927 1411 961 D.
1432 926 1613 961 Rubione.

189 982 361 1017 Maculae
385 982 634 1017 subocellatae
657 989 707 1016 ita
725 983 930 1018 formantur
944 1011 952 1027 ,
982 993 1022 1017 ut
1043 989 1137 1017 inter
1159 995 1328 1030 squamas
1350 983 1557 1029 granulatas
1577 991 1640 1017 aut
1656 988 1725 1016 mi—

115 1038 248 1073 liaceas
276 1037 407 1071 virides
430 1037 523 1072 aliae
548 1043 620 1072 sint
650 1037 847 1086 dispositae
869 1043 908 1072 in
929 1038 1209 1085 sexangularem
1235 1037 1413 1083 formam,
1440 1038 1608 1084 amidae,
1632 1037 1725 1073 aliae

113 1094 188 1129 alio
208 1094 322 1128 modo
341 1099 455 1140 magis
476 1093 728 1139 irregulariter.

189 1153 230 1185 ln
250 1149 364 1184 altero
381 1154 604 1197 specimine,
625 1155 702 1183 sine
728 1147 841 1183 dubio
862 1160 949 1183 sexu
972 1148 1167 1194 distincto,
1183 1155 1324 1198 reperio
1347 1149 1510 1185 maculas
1534 1149 1725 1197 laterales,

115 1206 371 1255 magnitudine
391 1205 464 1240 sere
483 1211 569 1254 pisi,
596 1205 817 1251 albicantes,
837 1218 882 1240 ex
902 1205 1101 1254 squamulis
1120 1205 1194 1241 fere
1209 1212 1336 1254 viginti
1359 1217 1517 1255 quatuor
1537 1214 1576 1242 in
1595 1207 1724 1243 subro-

116 1263 270 1299 tundam
289 1262 445 1297 formam
466 1263 657 1310 dispositis.
686 1265 726 1297 In
746 1262 863 1297 altero
886 1262 955 1296 hae
974 1262 1126 1297 eaedem
1148 1262 1316 1297 maculae
1341 1263 1452 1311 paulo
1477 1265 1632 1310 majores
1651 1264 1724 1299 for-

115 1330 263 1355 mantur
282 1332 327 1354 ex
347 1326 505 1368 squamis
529 1319 809 1355 obscurioribus.
836 1320 951 1354 Lente
963 1325 1076 1355 vitrea
1091 1319 1300 1356 observatae
1318 1319 1387 1356 hae
1402 1320 1571 1356 maculae
1590 1320 1724 1357 coloris

116 1376 362 1413 diversitatem
381 1376 482 1412 haud
502 1376 670 1410 offerunt.

424 1504 808 1548 LACERTA
852 1503 1222 1548 PRASINA.
1268 1503 1429 1549 Nobis.

192 1615 331 1650 cauda
352 1615 599 1650 verticillaca
612 1643 623 1658 ,
647 1615 837 1650 mediocri
846 1630 863 1657 ,·
891 1623 977 1650 coca
992 1616 1172 1662 prasina.

188 1672 402 1718 Longitudo
427 1672 607 1720 pollicum
630 1684 773 1707 novem.

192 1727 308 1762 Series
327 1741 560 1776 squamarum
583 1729 649 1763 sub
669 1729 769 1763 collo
793 1729 1061 1764 novemdecim,
1088 1729 1186 1763 Tum
1206 1728 1315 1763 fascia
1334 1738 1534 1764 transversa
1554 1740 1726 1777 squamu-

117 1784 236 1820 larum
256 1791 589 1820 minutissimarum.
616 1785 859 1833 Squamarum
880 1785 947 1820 sub
969 1795 1094 1820 ventre
1113 1792 1221 1820 series
1237 1791 1365 1833 viginti
1384 1797 1527 1820 novem.
1556 1787 1726 1832 Quatuor

117 1847 156 1876 in
174 1852 426 1877 transversum.
455 1844 597 1888 Puncta
622 1848 824 1878 excretoria
850 1841 976 1877 subtus
998 1848 1035 1876 in
1059 1841 1257 1876 femoribus
1276 1842 1538 1890 posterioribus
1556 1843 1724 1878 sedecim.

120 1897 303 1946 Squamae
325 1898 421 1933 dorsi
439 1904 622 1943 minutae,
641 1899 705 1934 sed
724 1900 880 1945 majores
900 1898 1011 1947 paulo
1033 1909 1069 1934 et
1084 1912 1162 1934 non
1183 1899 1275 1934 adeo
1297 1899 1508 1947 granulatae
1529 1900 1588 1936 vel
1605 1900 1725 1935 milia-

117 1967 174 1989 res
201 1967 311 2002 quam
330 1960 368 1989 in
390 1955 524 1991 lacerta
547 1961 749 1991 occitanica
774 1965 907 1991 nostra.

191 2011 401 2047 Verticillos
417 2013 555 2048 caudae
575 2025 688 2061 usque
709 2013 755 2048 ad
776 2019 989 2060 vigesimum
1010 2019 1155 2049 tertium
1175 2026 1367 2049 numerare
1391 2026 1549 2063 possum.
1577 2014 1724 2048 Abhinc

119 2065 273 2115 abrupta
292 2067 399 2102 fuisse
419 2069 534 2104 cauda
554 2070 697 2104 videtur
710 2097 718 2113 ‚
741 2081 861 2117 neque
886 2077 1067 2105 numerari
1084 2082 1236 2118 possunt
1256 2071 1412 2120 amplius
1428 2071 1602 2107 verticilli.

193 2125 294 2159 Haec
328 2125 524 2174 descriptio
561 2125 655 2162 facta
685 2126 732 2161 ad
771 2126 960 2174 exemplar
990 2128 1091 2175 quod
1130 2130 1195 2163 Dr.
1231 2128 1350 2163 Rubio
1382 2134 1479 2163 misit
1510 2126 1723 2175 Monspelio

121 2180 189 2213 Ao.
210 2181 268 2214 VI.
284 2191 317 2215 et
334 2182 436 2230 quod
449 2182 583 2220 fartum
604 2182 770 2219 colorem
791 2196 897 2219 suum
916 2183 1210 2222 flavo-virentem
1228 2186 1358 2233 (verd-
1371 2186 1416 2221 de
1436 2184 1606 2233 pomme)
1623 2197 1725 2233 pror-

120 2248 178 2272 sus
204 2242 332 2274 amisit.
