<?xml version="1.0" encoding="UTF-8"?>
<!DOCTYPE html PUBLIC "-//W3C//DTD XHTML 1.0 Transitional//EN"
    "http://www.w3.org/TR/xhtml1/DTD/xhtml1-transitional.dtd">
<html xmlns="http://www.w3.org/1999/xhtml" xml:lang="en" lang="en">
 <head>
  <title>
</title>
<meta http-equiv="Content-Type" content="text/html;charset=utf-8" />
  <meta name='ocr-system' content='tesseract 3.04.00' />
  <meta name='ocr-capabilities' content='ocr_page ocr_carea ocr_par ocr_line ocrx_word'/>
</head>
<body>
  <div class='ocr_page' id='page_1' title='image "./observationeszoo00herm_0271.png"; bbox 0 0 2054 2748; ppageno 0'>
   <div class='ocr_carea' id='block_1_1' title="bbox 708 133 1730 189">
    <p class='ocr_par' dir='ltr' id='par_1_1' title="bbox 708 133 1730 189">
     <span class='ocr_line' id='line_1_1' title="bbox 708 133 1730 189; baseline 0.001 -20"><span class='ocrx_word' id='word_1_1' title='bbox 708 141 737 169; x_wconf 72' lang='lat' dir='ltr'>A</span> <span class='ocrx_word' id='word_1_2' title='bbox 771 140 808 168; x_wconf 66' lang='lat' dir='ltr'>ir</span> <span class='ocrx_word' id='word_1_3' title='bbox 843 142 865 168; x_wconf 82' lang='lat' dir='ltr'>P</span> <span class='ocrx_word' id='word_1_4' title='bbox 901 141 933 168; x_wconf 79' lang='lat' dir='ltr'>n</span> <span class='ocrx_word' id='word_1_5' title='bbox 966 143 980 169; x_wconf 91' lang='lat'>1</span> <span class='ocrx_word' id='word_1_6' title='bbox 1014 143 1036 168; x_wconf 79' lang='lat' dir='ltr'>n</span> <span class='ocrx_word' id='word_1_7' title='bbox 1069 140 1083 169; x_wconf 92' lang='lat'>1</span> <span class='ocrx_word' id='word_1_8' title='bbox 1117 141 1158 170; x_wconf 80' lang='lat' dir='ltr'>A.</span> <span class='ocrx_word' id='word_1_9' title='bbox 1651 133 1730 189; x_wconf 73' lang='lat'>267</span> 
     </span>
    </p>
   </div>
   <div class='ocr_carea' id='block_1_2' title="bbox 127 223 1735 839">
    <p class='ocr_par' dir='ltr' id='par_1_2' title="bbox 128 223 1732 432">
     <span class='ocr_line' id='line_1_2' title="bbox 201 223 1731 276; baseline 0 -15"><span class='ocrx_word' id='word_1_10' title='bbox 201 229 353 261; x_wconf 75' lang='lat' dir='ltr'>Lacerta</span> <span class='ocrx_word' id='word_1_11' title='bbox 374 234 448 260; x_wconf 86' lang='lat' dir='ltr'>tam</span> <span class='ocrx_word' id='word_1_12' title='bbox 463 223 594 259; x_wconf 70' lang='lat' dir='ltr'>Gecko</span> <span class='ocrx_word' id='word_1_13' title='bbox 615 236 725 272; x_wconf 81' lang='lat' dir='ltr'>quam</span> <span class='ocrx_word' id='word_1_14' title='bbox 747 227 1019 259; x_wconf 67' lang='lat' dir='ltr'>mauritaniea</span> <span class='ocrx_word' id='word_1_15' title='bbox 1035 236 1115 259; x_wconf 85' lang='lat' dir='ltr'>mea</span> <span class='ocrx_word' id='word_1_16' title='bbox 1128 236 1174 259; x_wconf 85' lang='lat' dir='ltr'>ex</span> <span class='ocrx_word' id='word_1_17' title='bbox 1185 224 1460 272; x_wconf 76' lang='lat' dir='ltr'>Tranquebaria</span> <span class='ocrx_word' id='word_1_18' title='bbox 1477 237 1626 276; x_wconf 83' lang='lat' dir='ltr'>accepta</span> <span class='ocrx_word' id='word_1_19' title='bbox 1641 227 1731 275; x_wconf 71' lang='lat' dir='ltr'>digi-</span> 
     </span>
     <span class='ocr_line' id='line_1_3' title="bbox 130 281 1732 329; baseline -0.001 -9"><span class='ocrx_word' id='word_1_20' title='bbox 130 294 186 320; x_wconf 84' lang='lat' dir='ltr'>tos</span> <span class='ocrx_word' id='word_1_21' title='bbox 208 297 284 318; x_wconf 83' lang='lat' dir='ltr'>non</span> <span class='ocrx_word' id='word_1_22' title='bbox 309 281 419 317; x_wconf 82' lang='lat' dir='ltr'>habet</span> <span class='ocrx_word' id='word_1_23' title='bbox 447 287 625 326; x_wconf 87' lang='lat' dir='ltr'>muticos,</span> <span class='ocrx_word' id='word_1_24' title='bbox 654 281 718 316; x_wconf 83' lang='lat' dir='ltr'>sed</span> <span class='ocrx_word' id='word_1_25' title='bbox 754 285 880 328; x_wconf 86' lang='lat' dir='ltr'>utique</span> <span class='ocrx_word' id='word_1_26' title='bbox 914 281 1013 316; x_wconf 70' lang='lat' dir='ltr'>brevi</span> <span class='ocrx_word' id='word_1_27' title='bbox 1042 294 1163 329; x_wconf 87' lang='lat' dir='ltr'>ungue</span> <span class='ocrx_word' id='word_1_28' title='bbox 1193 291 1371 325; x_wconf 84' lang='lat' dir='ltr'>armatos,</span> <span class='ocrx_word' id='word_1_29' title='bbox 1399 288 1452 316; x_wconf 88' lang='lat' dir='ltr'>uti</span> <span class='ocrx_word' id='word_1_30' title='bbox 1478 294 1576 318; x_wconf 85' lang='lat' dir='ltr'>recte</span> <span class='ocrx_word' id='word_1_31' title='bbox 1603 294 1732 319; x_wconf 80' lang='lat' dir='ltr'>monet</span> 
     </span>
     <span class='ocr_line' id='line_1_4' title="bbox 128 337 1731 388; baseline -0.001 -13"><span class='ocrx_word' id='word_1_32' title='bbox 128 339 383 388; x_wconf 74' lang='lat' dir='ltr'>Lacepedlzcs.</span> <span class='ocrx_word' id='word_1_33' title='bbox 413 337 487 373; x_wconf 85' lang='lat' dir='ltr'>Sed</span> <span class='ocrx_word' id='word_1_34' title='bbox 502 344 644 386; x_wconf 77' lang='lat' dir='ltr'>utrique</span> <span class='ocrx_word' id='word_1_35' title='bbox 660 337 864 373; x_wconf 81' lang='lat' dir='ltr'>orbiculato</span> <span class='ocrx_word' id='word_1_36' title='bbox 876 358 890 362; x_wconf 99' lang='lat'>-</span> <span class='ocrx_word' id='word_1_37' title='bbox 902 337 1063 383; x_wconf 81' lang='lat' dir='ltr'>dilatati,</span> <span class='ocrx_word' id='word_1_38' title='bbox 1078 348 1117 374; x_wconf 87' lang='lat' dir='ltr'>ut</span> <span class='ocrx_word' id='word_1_39' title='bbox 1132 343 1170 373; x_wconf 87' lang='lat' dir='ltr'>in</span> <span class='ocrx_word' id='word_1_40' title='bbox 1184 350 1265 373; x_wconf 88' lang='lat' dir='ltr'>mea</span> <span class='ocrx_word' id='word_1_41' title='bbox 1279 337 1467 385; x_wconf 69' lang='lat' dir='ltr'>squalida</span> <span class='ocrx_word' id='word_1_42' title='bbox 1479 366 1490 381; x_wconf 75' lang='lat'>,</span> <span class='ocrx_word' id='word_1_43' title='bbox 1506 346 1564 374; x_wconf 86' lang='lat' dir='ltr'>cui</span> <span class='ocrx_word' id='word_1_44' title='bbox 1578 346 1731 375; x_wconf 84' lang='lat' dir='ltr'>omuino</span> 
     </span>
     <span class='ocr_line' id='line_1_5' title="bbox 129 401 373 432; baseline -0.012 0"><span class='ocrx_word' id='word_1_45' title='bbox 129 406 212 432; x_wconf 81' lang='lat' dir='ltr'>sunt</span> <span class='ocrx_word' id='word_1_46' title='bbox 236 401 373 430; x_wconf 82' lang='lat' dir='ltr'>mntici.</span> 
     </span>
    </p>

    <p class='ocr_par' dir='ltr' id='par_1_3' title="bbox 129 449 1733 557">
     <span class='ocr_line' id='line_1_6' title="bbox 200 449 1733 497; baseline -0.001 -9"><span class='ocrx_word' id='word_1_47' title='bbox 200 454 392 488; x_wconf 78' lang='lat' dir='ltr'>Praeterea</span> <span class='ocrx_word' id='word_1_48' title='bbox 416 457 453 486; x_wconf 88' lang='lat' dir='ltr'>in</span> <span class='ocrx_word' id='word_1_49' title='bbox 475 456 714 487; x_wconf 79' lang='lat' dir='ltr'>mauritanica</span> <span class='ocrx_word' id='word_1_50' title='bbox 733 449 904 485; x_wconf 80' lang='lat' dir='ltr'>lamellae</span> <span class='ocrx_word' id='word_1_51' title='bbox 924 449 990 483; x_wconf 82' lang='lat' dir='ltr'>sub</span> <span class='ocrx_word' id='word_1_52' title='bbox 1012 450 1131 496; x_wconf 78' lang='lat' dir='ltr'>digitis</span> <span class='ocrx_word' id='word_1_53' title='bbox 1146 451 1267 485; x_wconf 85' lang='lat' dir='ltr'>media</span> <span class='ocrx_word' id='word_1_54' title='bbox 1288 450 1386 485; x_wconf 82' lang='lat' dir='ltr'>linea</span> <span class='ocrx_word' id='word_1_55' title='bbox 1407 460 1491 485; x_wconf 88' lang='lat' dir='ltr'>sunt</span> <span class='ocrx_word' id='word_1_56' title='bbox 1507 450 1656 497; x_wconf 77' lang='lat' dir='ltr'>divisae,</span> <span class='ocrx_word' id='word_1_57' title='bbox 1671 463 1733 488; x_wconf 79' lang='lat' dir='ltr'>aut</span> 
     </span>
     <span class='ocr_line' id='line_1_7' title="bbox 129 505 1371 557; baseline -0.002 -13"><span class='ocrx_word' id='word_1_58' title='bbox 129 509 269 557; x_wconf 78' lang='lat' dir='ltr'>duplici</span> <span class='ocrx_word' id='word_1_59' title='bbox 285 514 375 543; x_wconf 87' lang='lat' dir='ltr'>serie</span> <span class='ocrx_word' id='word_1_60' title='bbox 395 509 590 556; x_wconf 78' lang='lat' dir='ltr'>dispositae</span> <span class='ocrx_word' id='word_1_61' title='bbox 603 536 611 552; x_wconf 91' lang='lat'>,</span> <span class='ocrx_word' id='word_1_62' title='bbox 630 513 668 542; x_wconf 87' lang='lat' dir='ltr'>in</span> <span class='ocrx_word' id='word_1_63' title='bbox 684 507 812 542; x_wconf 82' lang='lat' dir='ltr'>Gecko</span> <span class='ocrx_word' id='word_1_64' title='bbox 836 505 995 553; x_wconf 84' lang='lat' dir='ltr'>simplici</span> <span class='ocrx_word' id='word_1_65' title='bbox 1013 512 1102 540; x_wconf 85' lang='lat' dir='ltr'>serie</span> <span class='ocrx_word' id='word_1_66' title='bbox 1119 507 1177 541; x_wconf 85' lang='lat' dir='ltr'>vel</span> <span class='ocrx_word' id='word_1_67' title='bbox 1200 513 1371 555; x_wconf 73' lang='lat' dir='ltr'>integrae.</span> 
     </span>
    </p>

    <p class='ocr_par' dir='ltr' id='par_1_4' title="bbox 129 562 1733 668">
     <span class='ocr_line' id='line_1_8' title="bbox 200 562 1733 612; baseline -0.001 -12"><span class='ocrx_word' id='word_1_68' title='bbox 200 568 242 600; x_wconf 87' lang='lat' dir='ltr'>Iu</span> <span class='ocrx_word' id='word_1_69' title='bbox 263 570 499 600; x_wconf 80' lang='lat' dir='ltr'>mauritanica</span> <span class='ocrx_word' id='word_1_70' title='bbox 524 570 687 612; x_wconf 83' lang='lat' dir='ltr'>quinque</span> <span class='ocrx_word' id='word_1_71' title='bbox 708 562 876 599; x_wconf 82' lang='lat' dir='ltr'>verticilli</span> <span class='ocrx_word' id='word_1_72' title='bbox 895 568 1063 597; x_wconf 86' lang='lat' dir='ltr'>muricati</span> <span class='ocrx_word' id='word_1_73' title='bbox 1087 562 1190 597; x_wconf 82' lang='lat' dir='ltr'>basin</span> <span class='ocrx_word' id='word_1_74' title='bbox 1220 564 1358 598; x_wconf 74' lang='lat' dir='ltr'>caudae</span> <span class='ocrx_word' id='word_1_75' title='bbox 1385 562 1566 609; x_wconf 83' lang='lat' dir='ltr'>formant,</span> <span class='ocrx_word' id='word_1_76' title='bbox 1594 563 1733 612; x_wconf 78' lang='lat' dir='ltr'>reliqua</span> 
     </span>
     <span class='ocr_line' id='line_1_9' title="bbox 129 619 1030 668; baseline -0.004 -11"><span class='ocrx_word' id='word_1_77' title='bbox 129 622 244 657; x_wconf 85' lang='lat' dir='ltr'>cauda</span> <span class='ocrx_word' id='word_1_78' title='bbox 266 634 372 668; x_wconf 85' lang='lat' dir='ltr'>supra</span> <span class='ocrx_word' id='word_1_79' title='bbox 391 620 646 667; x_wconf 78' lang='lat' dir='ltr'>squamulosa,</span> <span class='ocrx_word' id='word_1_80' title='bbox 665 619 790 655; x_wconf 77' lang='lat' dir='ltr'><strong>subtus</strong></span> <span class='ocrx_word' id='word_1_81' title='bbox 807 629 946 654; x_wconf 74' lang='lat' dir='ltr'>scutata</span> <span class='ocrx_word' id='word_1_82' title='bbox 967 628 1030 654; x_wconf 87' lang='lat' dir='ltr'>est.</span> 
     </span>
    </p>

    <p class='ocr_par' dir='ltr' id='par_1_5' title="bbox 127 675 1735 839">
     <span class='ocr_line' id='line_1_10' title="bbox 201 675 1732 725; baseline -0.001 -13"><span class='ocrx_word' id='word_1_83' title='bbox 201 681 241 713; x_wconf 87' lang='lat' dir='ltr'>In</span> <span class='ocrx_word' id='word_1_84' title='bbox 261 676 443 712; x_wconf 82' lang='lat' dir='ltr'>Geckone</span> <span class='ocrx_word' id='word_1_85' title='bbox 463 689 635 725; x_wconf 79' lang='lat' dir='ltr'>squamae</span> <span class='ocrx_word' id='word_1_86' title='bbox 655 675 936 724; x_wconf 82' lang='lat' dir='ltr'>subgranulatae</span> <span class='ocrx_word' id='word_1_87' title='bbox 957 680 1089 723; x_wconf 81' lang='lat' dir='ltr'>passim</span> <span class='ocrx_word' id='word_1_88' title='bbox 1106 681 1145 710; x_wconf 88' lang='lat' dir='ltr'>in</span> <span class='ocrx_word' id='word_1_89' title='bbox 1163 676 1321 711; x_wconf 86' lang='lat' dir='ltr'>annulos</span> <span class='ocrx_word' id='word_1_90' title='bbox 1340 676 1414 712; x_wconf 83' lang='lat' dir='ltr'>fere</span> <span class='ocrx_word' id='word_1_91' title='bbox 1437 677 1655 725; x_wconf 68' lang='lat' dir='ltr'>dispositae,</span> <span class='ocrx_word' id='word_1_92' title='bbox 1677 682 1732 711; x_wconf 86' lang='lat' dir='ltr'>in·-</span> 
     </span>
     <span class='ocr_line' id='line_1_11' title="bbox 127 732 1735 782; baseline 0 -14"><span class='ocrx_word' id='word_1_93' title='bbox 127 734 310 769; x_wconf 84' lang='lat' dir='ltr'>termediis</span> <span class='ocrx_word' id='word_1_94' title='bbox 340 733 452 768; x_wconf 87' lang='lat' dir='ltr'>tribus</span> <span class='ocrx_word' id='word_1_95' title='bbox 474 743 535 768; x_wconf 81' lang='lat' dir='ltr'>aut</span> <span class='ocrx_word' id='word_1_96' title='bbox 564 744 722 782; x_wconf 81' lang='lat' dir='ltr'>quatuor</span> <span class='ocrx_word' id='word_1_97' title='bbox 748 732 937 769; x_wconf 77' lang='lat' dir='ltr'>ordinibus</span> <span class='ocrx_word' id='word_1_98' title='bbox 963 737 1076 779; x_wconf 84' lang='lat' dir='ltr'>magis</span> <span class='ocrx_word' id='word_1_99' title='bbox 1103 733 1379 780; x_wconf 69' lang='lat' dir='ltr'>irregularibus,</span> <span class='ocrx_word' id='word_1_100' title='bbox 1407 744 1443 769; x_wconf 85' lang='lat' dir='ltr'>et</span> <span class='ocrx_word' id='word_1_101' title='bbox 1469 739 1602 781; x_wconf 74' lang='lat' dir='ltr'>passim</span> <span class='ocrx_word' id='word_1_102' title='bbox 1624 739 1735 769; x_wconf 82' lang='lat' dir='ltr'>iuter-</span> 
     </span>
     <span class='ocr_line' id='line_1_12' title="bbox 128 790 667 839; baseline 0.002 -14"><span class='ocrx_word' id='word_1_103' title='bbox 128 796 256 839; x_wconf 86' lang='lat' dir='ltr'>spersis</span> <span class='ocrx_word' id='word_1_104' title='bbox 280 790 479 836; x_wconf 80' lang='lat' dir='ltr'>majoribus</span> <span class='ocrx_word' id='word_1_105' title='bbox 500 797 667 828; x_wconf 83' lang='lat' dir='ltr'>verrucis.</span> 
     </span>
    </p>
   </div>
   <div class='ocr_carea' id='block_1_3' title="bbox 540 893 1329 938">
    <p class='ocr_par' dir='ltr' id='par_1_6' title="bbox 540 893 1329 938">
     <span class='ocr_line' id='line_1_13' title="bbox 540 893 1329 938; baseline -0.001 -1"><span class='ocrx_word' id='word_1_106' title='bbox 540 893 1329 938; x_wconf 74' lang='lat' dir='ltr'><strong>LACERTASCINCUS</strong></span> 
     </span>
    </p>
   </div>
   <div class='ocr_carea' id='block_1_4' title="bbox 126 988 1735 1935">
    <p class='ocr_par' dir='ltr' id='par_1_7' title="bbox 201 988 902 1034">
     <span class='ocr_line' id='line_1_14' title="bbox 201 988 902 1034; baseline 0 -12"><span class='ocrx_word' id='word_1_107' title='bbox 201 991 433 1022; x_wconf 79' lang='lat' dir='ltr'>LONGITUDO</span> <span class='ocrx_word' id='word_1_108' title='bbox 453 988 657 1034; x_wconf 82' lang='lat' dir='ltr'>spithamea</span> <span class='ocrx_word' id='word_1_109' title='bbox 677 1001 755 1022; x_wconf 85' lang='lat' dir='ltr'>non</span> <span class='ocrx_word' id='word_1_110' title='bbox 775 990 902 1033; x_wconf 79' lang='lat' dir='ltr'>major.</span> 
     </span>
    </p>

    <p class='ocr_par' dir='ltr' id='par_1_8' title="bbox 200 1042 1412 1088">
     <span class='ocr_line' id='line_1_15' title="bbox 200 1042 1412 1088; baseline 0.001 -12"><span class='ocrx_word' id='word_1_111' title='bbox 200 1044 347 1077; x_wconf 86' lang='lat' dir='ltr'>Fasciae</span> <span class='ocrx_word' id='word_1_112' title='bbox 367 1051 588 1077; x_wconf 82' lang='lat' dir='ltr'>transversae</span> <span class='ocrx_word' id='word_1_113' title='bbox 608 1042 1025 1088; x_wconf 80' lang='lat' dir='ltr'>chalybaeo-coeruleae</span> <span class='ocrx_word' id='word_1_114' title='bbox 1041 1047 1184 1077; x_wconf 82' lang='lat' dir='ltr'>circiter</span> <span class='ocrx_word' id='word_1_115' title='bbox 1203 1042 1412 1077; x_wconf 82' lang='lat' dir='ltr'>duodecim.</span> 
     </span>
    </p>

    <p class='ocr_par' dir='ltr' id='par_1_9' title="bbox 128 1096 1735 1201">
     <span class='ocr_line' id='line_1_16' title="bbox 199 1096 1735 1147; baseline 0.002 -15"><span class='ocrx_word' id='word_1_116' title='bbox 199 1098 382 1146; x_wconf 79' lang='lat' dir='ltr'>Squamae</span> <span class='ocrx_word' id='word_1_117' title='bbox 410 1098 651 1142; x_wconf 77' lang='lat' dir='ltr'>imbricatae,</span> <span class='ocrx_word' id='word_1_118' title='bbox 681 1109 783 1130; x_wconf 85' lang='lat' dir='ltr'>more</span> <span class='ocrx_word' id='word_1_119' title='bbox 814 1109 1047 1144; x_wconf 74' lang='lat' dir='ltr'>squamarum</span> <span class='ocrx_word' id='word_1_120' title='bbox 1072 1102 1228 1143; x_wconf 79' lang='lat' dir='ltr'>piscium</span> <span class='ocrx_word' id='word_1_121' title='bbox 1255 1096 1419 1141; x_wconf 82' lang='lat' dir='ltr'>solutae,</span> <span class='ocrx_word' id='word_1_122' title='bbox 1453 1097 1597 1133; x_wconf 75' lang='lat' dir='ltr'>latiores</span> <span class='ocrx_word' id='word_1_123' title='bbox 1625 1112 1735 1147; x_wconf 76' lang='lat' dir='ltr'>quam</span> 
     </span>
     <span class='ocr_line' id='line_1_17' title="bbox 128 1153 1596 1201; baseline -0.003 -12"><span class='ocrx_word' id='word_1_124' title='bbox 128 1155 263 1201; x_wconf 86' lang='lat' dir='ltr'>longae</span> <span class='ocrx_word' id='word_1_125' title='bbox 279 1182 288 1199; x_wconf 88' lang='lat'>,</span> <span class='ocrx_word' id='word_1_126' title='bbox 310 1153 436 1189; x_wconf 78' lang='lat' dir='ltr'>subtus</span> <span class='ocrx_word' id='word_1_127' title='bbox 455 1159 627 1189; x_wconf 87' lang='lat' dir='ltr'>minores.</span> <span class='ocrx_word' id='word_1_128' title='bbox 1593 1197 1596 1201; x_wconf 25' lang='grc' dir='ltr'>ι</span> 
     </span>
    </p>

    <p class='ocr_par' dir='ltr' id='par_1_10' title="bbox 127 1208 1734 1471">
     <span class='ocr_line' id='line_1_18' title="bbox 200 1208 1733 1259; baseline 0.002 -14"><span class='ocrx_word' id='word_1_129' title='bbox 200 1213 320 1258; x_wconf 77' lang='lat' dir='ltr'>Digiti</span> <span class='ocrx_word' id='word_1_130' title='bbox 342 1216 488 1258; x_wconf 80' lang='lat' dir='ltr'>proprie</span> <span class='ocrx_word' id='word_1_131' title='bbox 508 1223 585 1244; x_wconf 88' lang='lat' dir='ltr'>non</span> <span class='ocrx_word' id='word_1_132' title='bbox 608 1215 736 1244; x_wconf 86' lang='lat' dir='ltr'>mutici</span> <span class='ocrx_word' id='word_1_133' title='bbox 754 1219 859 1254; x_wconf 81' lang='lat' dir='ltr'>sunt,</span> <span class='ocrx_word' id='word_1_134' title='bbox 878 1209 942 1244; x_wconf 90' lang='lat' dir='ltr'>sed</span> <span class='ocrx_word' id='word_1_135' title='bbox 959 1208 1141 1256; x_wconf 83' lang='lat' dir='ltr'>unguibus</span> <span class='ocrx_word' id='word_1_136' title='bbox 1165 1208 1351 1254; x_wconf 81' lang='lat' dir='ltr'>brevibus,</span> <span class='ocrx_word' id='word_1_137' title='bbox 1372 1217 1596 1259; x_wconf 79' lang='lat' dir='ltr'>compressis.</span> <span class='ocrx_word' id='word_1_138' title='bbox 1634 1214 1733 1248; x_wconf 79' lang='lat' dir='ltr'>Mar-</span> 
     </span>
     <span class='ocr_line' id='line_1_19' title="bbox 128 1266 1734 1314; baseline 0.002 -14"><span class='ocrx_word' id='word_1_139' title='bbox 128 1273 241 1314; x_wconf 78' lang='lat' dir='ltr'>ginati</span> <span class='ocrx_word' id='word_1_140' title='bbox 261 1277 345 1301; x_wconf 86' lang='lat' dir='ltr'>sunt</span> <span class='ocrx_word' id='word_1_141' title='bbox 368 1277 537 1311; x_wconf 81' lang='lat' dir='ltr'>eatenus,</span> <span class='ocrx_word' id='word_1_142' title='bbox 566 1267 666 1314; x_wconf 89' lang='lat' dir='ltr'>quod</span> <span class='ocrx_word' id='word_1_143' title='bbox 691 1277 834 1314; x_wconf 87' lang='lat' dir='ltr'>praeter</span> <span class='ocrx_word' id='word_1_144' title='bbox 858 1272 987 1301; x_wconf 84' lang='lat' dir='ltr'>seriem</span> <span class='ocrx_word' id='word_1_145' title='bbox 1008 1279 1241 1314; x_wconf 76' lang='lat' dir='ltr'>squamarum</span> <span class='ocrx_word' id='word_1_146' title='bbox 1272 1266 1404 1314; x_wconf 78' lang='lat' dir='ltr'>digitos</span> <span class='ocrx_word' id='word_1_147' title='bbox 1429 1275 1659 1304; x_wconf 71' lang='lat' dir='ltr'>transversim</span> <span class='ocrx_word' id='word_1_148' title='bbox 1683 1281 1734 1305; x_wconf 89' lang='lat' dir='ltr'>te-</span> 
     </span>
     <span class='ocr_line' id='line_1_20' title="bbox 128 1322 1733 1371; baseline 0.003 -14"><span class='ocrx_word' id='word_1_149' title='bbox 128 1329 292 1370; x_wconf 79' lang='lat' dir='ltr'>gentium</span> <span class='ocrx_word' id='word_1_150' title='bbox 309 1351 316 1367; x_wconf 85' lang='lat'>,</span> <span class='ocrx_word' id='word_1_151' title='bbox 341 1336 404 1357; x_wconf 81' lang='lat' dir='ltr'>sex</span> <span class='ocrx_word' id='word_1_152' title='bbox 419 1323 466 1358; x_wconf 80' lang='lat' dir='ltr'>ad</span> <span class='ocrx_word' id='word_1_153' title='bbox 487 1323 659 1358; x_wconf 85' lang='lat' dir='ltr'>undecim</span> <span class='ocrx_word' id='word_1_154' title='bbox 682 1336 748 1371; x_wconf 86' lang='lat' dir='ltr'>pro</span> <span class='ocrx_word' id='word_1_155' title='bbox 768 1328 863 1358; x_wconf 79' lang='lat' dir='ltr'>varia</span> <span class='ocrx_word' id='word_1_156' title='bbox 885 1323 1082 1370; x_wconf 79' lang='lat' dir='ltr'>digitorum</span> <span class='ocrx_word' id='word_1_157' title='bbox 1097 1322 1349 1370; x_wconf 78' lang='lat' dir='ltr'>longitudine,</span> <span class='ocrx_word' id='word_1_158' title='bbox 1375 1325 1468 1359; x_wconf 87' lang='lat' dir='ltr'>adsit</span> <span class='ocrx_word' id='word_1_159' title='bbox 1486 1325 1607 1360; x_wconf 80' lang='lat' dir='ltr'>adhuc</span> <span class='ocrx_word' id='word_1_160' title='bbox 1626 1333 1733 1362; x_wconf 86' lang='lat' dir='ltr'>series</span> 
     </span>
     <span class='ocr_line' id='line_1_21' title="bbox 127 1385 1732 1426; baseline 0.003 -13"><span class='ocrx_word' id='word_1_161' title='bbox 127 1385 166 1413; x_wconf 89' lang='lat' dir='ltr'>in</span> <span class='ocrx_word' id='word_1_162' title='bbox 184 1385 348 1426; x_wconf 79' lang='lat' dir='ltr'>margine</span> <span class='ocrx_word' id='word_1_163' title='bbox 369 1385 551 1414; x_wconf 79' lang='lat' dir='ltr'>anteriore</span> <span class='ocrx_word' id='word_1_164' title='bbox 565 1391 800 1426; x_wconf 81' lang='lat' dir='ltr'>squamarum</span> <span class='ocrx_word' id='word_1_165' title='bbox 820 1391 1129 1426; x_wconf 85' lang='lat' dir='ltr'>compressarum,</span> <span class='ocrx_word' id='word_1_166' title='bbox 1152 1391 1246 1426; x_wconf 83' lang='lat' dir='ltr'>quae</span> <span class='ocrx_word' id='word_1_167' title='bbox 1266 1385 1469 1426; x_wconf 72' lang='lat' dir='ltr'>marginem</span> <span class='ocrx_word' id='word_1_168' title='bbox 1489 1386 1597 1415; x_wconf 85' lang='lat' dir='ltr'>istum</span> <span class='ocrx_word' id='word_1_169' title='bbox 1619 1395 1732 1418; x_wconf 73' lang='lat' dir='ltr'>serra-</span> 
     </span>
     <span class='ocr_line' id='line_1_22' title="bbox 127 1435 397 1471; baseline -0.007 0"><span class='ocrx_word' id='word_1_170' title='bbox 127 1445 205 1471; x_wconf 86' lang='lat' dir='ltr'>tum</span> <span class='ocrx_word' id='word_1_171' title='bbox 228 1435 397 1470; x_wconf 85' lang='lat' dir='ltr'>reddunt.</span> 
     </span>
    </p>

    <p class='ocr_par' dir='ltr' id='par_1_11' title="bbox 127 1489 1733 1639">
     <span class='ocr_line' id='line_1_23' title="bbox 199 1489 1732 1542; baseline 0.004 -16"><span class='ocrx_word' id='word_1_172' title='bbox 199 1491 343 1526; x_wconf 85' lang='lat' dir='ltr'>Pedum</span> <span class='ocrx_word' id='word_1_173' title='bbox 362 1495 588 1525; x_wconf 82' lang='lat' dir='ltr'>anteriorum</span> <span class='ocrx_word' id='word_1_174' title='bbox 611 1490 743 1537; x_wconf 77' lang='lat' dir='ltr'>digitus</span> <span class='ocrx_word' id='word_1_175' title='bbox 761 1495 898 1537; x_wconf 86' lang='lat' dir='ltr'>primus</span> <span class='ocrx_word' id='word_1_176' title='bbox 922 1489 1084 1534; x_wconf 80' lang='lat' dir='ltr'>brevior,</span> <span class='ocrx_word' id='word_1_177' title='bbox 1108 1497 1267 1538; x_wconf 80' lang='lat' dir='ltr'>squamis</span> <span class='ocrx_word' id='word_1_178' title='bbox 1296 1501 1440 1528; x_wconf 84' lang='lat' dir='ltr'>tanturn</span> <span class='ocrx_word' id='word_1_179' title='bbox 1466 1505 1645 1542; x_wconf 83' lang='lat' dir='ltr'>quatuor,</span> <span class='ocrx_word' id='word_1_180' title='bbox 1670 1497 1732 1532; x_wconf 81' lang='lat' dir='ltr'>illa</span> 
     </span>
     <span class='ocr_line' id='line_1_24' title="bbox 127 1545 1733 1600; baseline 0.002 -17"><span class='ocrx_word' id='word_1_181' title='bbox 127 1557 212 1583; x_wconf 82' lang='lat' dir='ltr'>ante</span> <span class='ocrx_word' id='word_1_182' title='bbox 237 1559 398 1594; x_wconf 85' lang='lat' dir='ltr'>unguem</span> <span class='ocrx_word' id='word_1_183' title='bbox 418 1546 635 1582; x_wconf 86' lang='lat' dir='ltr'>dilatatiore.</span> <span class='ocrx_word' id='word_1_184' title='bbox 674 1548 795 1581; x_wconf 86' lang='lat' dir='ltr'>Ceteri</span> <span class='ocrx_word' id='word_1_185' title='bbox 814 1551 873 1581; x_wconf 78' lang='lat' dir='ltr'>vix</span> <span class='ocrx_word' id='word_1_186' title='bbox 900 1545 1134 1593; x_wconf 81' lang='lat' dir='ltr'>longitudine</span> <span class='ocrx_word' id='word_1_187' title='bbox 1155 1559 1378 1595; x_wconf 81' lang='lat' dir='ltr'>crescentes,</span> <span class='ocrx_word' id='word_1_188' title='bbox 1407 1552 1541 1598; x_wconf 81' lang='lat' dir='ltr'>singuli</span> <span class='ocrx_word' id='word_1_189' title='bbox 1566 1565 1733 1600; x_wconf 83' lang='lat' dir='ltr'>squama—</span> 
     </span>
     <span class='ocr_line' id='line_1_25' title="bbox 127 1616 307 1639; baseline -0.006 0"><span class='ocrx_word' id='word_1_190' title='bbox 127 1617 208 1639; x_wconf 89' lang='lat' dir='ltr'>rum</span> <span class='ocrx_word' id='word_1_191' title='bbox 234 1616 307 1638; x_wconf 87' lang='lat' dir='ltr'>sex.</span> 
     </span>
    </p>

    <p class='ocr_par' dir='ltr' id='par_1_12' title="bbox 126 1658 1732 1878">
     <span class='ocr_line' id='line_1_26' title="bbox 199 1658 1731 1712; baseline 0.003 -17"><span class='ocrx_word' id='word_1_192' title='bbox 199 1660 341 1695; x_wconf 88' lang='lat' dir='ltr'>Pedum</span> <span class='ocrx_word' id='word_1_193' title='bbox 361 1666 605 1708; x_wconf 81' lang='lat' dir='ltr'>posteriorum</span> <span class='ocrx_word' id='word_1_194' title='bbox 626 1659 729 1707; x_wconf 83' lang='lat' dir='ltr'>digiti</span> <span class='ocrx_word' id='word_1_195' title='bbox 747 1664 880 1694; x_wconf 83' lang='lat' dir='ltr'>sensim</span> <span class='ocrx_word' id='word_1_196' title='bbox 896 1658 1129 1706; x_wconf 83' lang='lat' dir='ltr'>longitudine</span> <span class='ocrx_word' id='word_1_197' title='bbox 1144 1671 1327 1706; x_wconf 83' lang='lat' dir='ltr'>crescunt,</span> <span class='ocrx_word' id='word_1_198' title='bbox 1350 1674 1424 1709; x_wconf 87' lang='lat' dir='ltr'>quo</span> <span class='ocrx_word' id='word_1_199' title='bbox 1446 1674 1529 1698; x_wconf 83' lang='lat' dir='ltr'>sunt</span> <span class='ocrx_word' id='word_1_200' title='bbox 1552 1671 1731 1712; x_wconf 81' lang='lat' dir='ltr'>posterio-</span> 
     </span>
     <span class='ocr_line' id='line_1_27' title="bbox 126 1715 1732 1767; baseline 0.003 -15"><span class='ocrx_word' id='word_1_201' title='bbox 126 1730 192 1753; x_wconf 86' lang='lat' dir='ltr'>res.</span> <span class='ocrx_word' id='word_1_202' title='bbox 218 1718 359 1751; x_wconf 81' lang='lat' dir='ltr'>Primus</span> <span class='ocrx_word' id='word_1_203' title='bbox 379 1729 613 1763; x_wconf 78' lang='lat' dir='ltr'>squamarum</span> <span class='ocrx_word' id='word_1_204' title='bbox 633 1726 812 1763; x_wconf 84' lang='lat' dir='ltr'>quatuor·⁷</span> <span class='ocrx_word' id='word_1_205' title='bbox 837 1715 1017 1751; x_wconf 84' lang='lat' dir='ltr'>secundus</span> <span class='ocrx_word' id='word_1_206' title='bbox 1038 1729 1121 1760; x_wconf 77' lang='lat' dir='ltr'>sex3</span> <span class='ocrx_word' id='word_1_207' title='bbox 1141 1729 1290 1764; x_wconf 77' lang='lat' dir='ltr'>squama</span> <span class='ocrx_word' id='word_1_208' title='bbox 1316 1729 1402 1753; x_wconf 80' lang='lat' dir='ltr'>ante</span> <span class='ocrx_word' id='word_1_209' title='bbox 1427 1732 1585 1767; x_wconf 80' lang='lat' dir='ltr'>unguem</span> <span class='ocrx_word' id='word_1_210' title='bbox 1605 1722 1732 1758; x_wconf 79' lang='lat' dir='ltr'>dilata-</span> 
     </span>
     <span class='ocr_line' id='line_1_28' title="bbox 127 1778 1731 1826; baseline 0.003 -18"><span class='ocrx_word' id='word_1_211' title='bbox 127 1780 219 1808; x_wconf 76' lang='lat' dir='ltr'>tiore</span> <span class='ocrx_word' id='word_1_212' title='bbox 239 1786 338 1821; x_wconf 89' lang='lat' dir='ltr'>pone</span> <span class='ocrx_word' id='word_1_213' title='bbox 361 1778 568 1826; x_wconf 79' lang='lat' dir='ltr'>eminente3</span> <span class='ocrx_word' id='word_1_214' title='bbox 596 1778 721 1807; x_wconf 84' lang='lat' dir='ltr'>tertius</span> <span class='ocrx_word' id='word_1_215' title='bbox 740 1784 973 1820; x_wconf 84' lang='lat' dir='ltr'>squamarum</span> <span class='ocrx_word' id='word_1_216' title='bbox 997 1782 1106 1816; x_wconf 71' lang='lat' dir='ltr'>octo,</span> <span class='ocrx_word' id='word_1_217' title='bbox 1130 1784 1277 1821; x_wconf 85' lang='lat' dir='ltr'>quartus</span> <span class='ocrx_word' id='word_1_218' title='bbox 1298 1787 1452 1820; x_wconf 85' lang='lat' dir='ltr'>novem3</span> <span class='ocrx_word' id='word_1_219' title='bbox 1476 1783 1621 1825; x_wconf 80' lang='lat' dir='ltr'>quintus</span> <span class='ocrx_word' id='word_1_220' title='bbox 1647 1785 1731 1814; x_wconf 78' lang='lat' dir='ltr'>toti-</span> 
     </span>
     <span class='ocr_line' id='line_1_29' title="bbox 128 1828 1308 1878; baseline 0.002 -14"><span class='ocrx_word' id='word_1_221' title='bbox 128 1830 212 1865; x_wconf 85' lang='lat' dir='ltr'>dem</span> <span class='ocrx_word' id='word_1_222' title='bbox 227 1858 236 1874; x_wconf 87' lang='lat'>,</span> <span class='ocrx_word' id='word_1_223' title='bbox 255 1842 374 1877; x_wconf 86' lang='lat' dir='ltr'>neque</span> <span class='ocrx_word' id='word_1_224' title='bbox 394 1828 456 1863; x_wconf 87' lang='lat' dir='ltr'>hic</span> <span class='ocrx_word' id='word_1_225' title='bbox 482 1829 649 1877; x_wconf 79' lang='lat' dir='ltr'>longior,</span> <span class='ocrx_word' id='word_1_226' title='bbox 673 1829 736 1864; x_wconf 84' lang='lat' dir='ltr'>sed</span> <span class='ocrx_word' id='word_1_227' title='bbox 752 1829 941 1877; x_wconf 79' lang='lat' dir='ltr'>aliquanto</span> <span class='ocrx_word' id='word_1_228' title='bbox 962 1835 1136 1864; x_wconf 84' lang='lat' dir='ltr'>remotius</span> <span class='ocrx_word' id='word_1_229' title='bbox 1160 1836 1308 1878; x_wconf 84' lang='lat' dir='ltr'>positus.</span> 
     </span>
    </p>

    <p class='ocr_par' dir='ltr' id='par_1_13' title="bbox 199 1885 1293 1935">
     <span class='ocr_line' id='line_1_30' title="bbox 199 1885 1293 1935; baseline 0.001 -13"><span class='ocrx_word' id='word_1_230' title='bbox 199 1888 319 1933; x_wconf 81' lang='lat' dir='ltr'>Digiti</span> <span class='ocrx_word' id='word_1_231' title='bbox 342 1898 470 1921; x_wconf 87' lang='lat' dir='ltr'>omnes</span> <span class='ocrx_word' id='word_1_232' title='bbox 491 1886 673 1934; x_wconf 79' lang='lat' dir='ltr'>depressi,</span> <span class='ocrx_word' id='word_1_233' title='bbox 696 1891 734 1920; x_wconf 88' lang='lat' dir='ltr'>in</span> <span class='ocrx_word' id='word_1_234' title='bbox 758 1892 918 1934; x_wconf 81' lang='lat' dir='ltr'>utrisque</span> <span class='ocrx_word' id='word_1_235' title='bbox 943 1885 1096 1933; x_wconf 86' lang='lat' dir='ltr'>pedibus</span> <span class='ocrx_word' id='word_1_236' title='bbox 1120 1892 1293 1935; x_wconf 81' lang='lat' dir='ltr'>quinque.</span> 
     </span>
    </p>
   </div>
   <div class='ocr_carea' id='block_1_5' title="bbox 427 1989 1436 2036">
    <p class='ocr_par' dir='ltr' id='par_1_14' title="bbox 427 1989 1436 2036">
     <span class='ocr_line' id='line_1_31' title="bbox 427 1989 1436 2036; baseline 0.004 -4"><span class='ocrx_word' id='word_1_237' title='bbox 427 1989 809 2033; x_wconf 72' lang='lat' dir='ltr'><strong>LACERTA</strong></span> <span class='ocrx_word' id='word_1_238' title='bbox 862 1989 1436 2036; x_wconf 66' lang='lat' dir='ltr'>ORBICULARIS</span> 
     </span>
    </p>
   </div>
   <div class='ocr_carea' id='block_1_6' title="bbox 129 2087 1729 2249">
    <p class='ocr_par' dir='ltr' id='par_1_15' title="bbox 129 2087 1729 2249">
     <span class='ocr_line' id='line_1_32' title="bbox 200 2087 1729 2137; baseline 0.004 -17"><span class='ocrx_word' id='word_1_239' title='bbox 200 2087 294 2120; x_wconf 69' lang='lat' dir='ltr'>MEA</span> <span class='ocrx_word' id='word_1_240' title='bbox 315 2099 360 2121; x_wconf 81' lang='lat' dir='ltr'>ex</span> <span class='ocrx_word' id='word_1_241' title='bbox 383 2087 504 2121; x_wconf 76' lang='lat' dir='ltr'>India</span> <span class='ocrx_word' id='word_1_242' title='bbox 525 2087 713 2122; x_wconf 71' lang='lat' dir='ltr'>orientali</span> <span class='ocrx_word' id='word_1_243' title='bbox 737 2087 846 2122; x_wconf 73' lang='lat' dir='ltr'>allata</span> <span class='ocrx_word' id='word_1_244' title='bbox 874 2087 1043 2134; x_wconf 77' lang='lat' dir='ltr'>gracilior</span> <span class='ocrx_word' id='word_1_245' title='bbox 1063 2100 1173 2135; x_wconf 79' lang='lat' dir='ltr'>quam</span> <span class='ocrx_word' id='word_1_246' title='bbox 1197 2089 1359 2134; x_wconf 72' lang='lat' dir='ltr'>Sebana,</span> <span class='ocrx_word' id='word_1_247' title='bbox 1385 2101 1421 2126; x_wconf 85' lang='lat' dir='ltr'>et</span> <span class='ocrx_word' id='word_1_248' title='bbox 1448 2092 1536 2125; x_wconf 75' lang='lat' dir='ltr'>haec</span> <span class='ocrx_word' id='word_1_249' title='bbox 1562 2091 1729 2137; x_wconf 73' lang='lat' dir='ltr'>gracilior</span> 
     </span>
     <span class='ocr_line' id='line_1_33' title="bbox 130 2143 1729 2195; baseline 0.004 -19"><span class='ocrx_word' id='word_1_250' title='bbox 130 2143 449 2188; x_wconf 73' lang='lat' dir='ltr'>Hernandeziana,</span> <span class='ocrx_word' id='word_1_251' title='bbox 469 2150 507 2178; x_wconf 87' lang='lat' dir='ltr'>in</span> <span class='ocrx_word' id='word_1_252' title='bbox 528 2157 598 2192; x_wconf 82' lang='lat' dir='ltr'>qua</span> <span class='ocrx_word' id='word_1_253' title='bbox 623 2155 821 2192; x_wconf 76' lang='lat' dir='ltr'>posteriora</span> <span class='ocrx_word' id='word_1_254' title='bbox 846 2149 954 2178; x_wconf 80' lang='lat' dir='ltr'>etiam</span> <span class='ocrx_word' id='word_1_255' title='bbox 982 2143 1095 2178; x_wconf 84' lang='lat' dir='ltr'>latera</span> <span class='ocrx_word' id='word_1_256' title='bbox 1116 2151 1227 2193; x_wconf 79' lang='lat' dir='ltr'>spinis</span> <span class='ocrx_word' id='word_1_257' title='bbox 1254 2146 1384 2183; x_wconf 74' lang='lat' dir='ltr'>ciliata.</span> <span class='ocrx_word' id='word_1_258' title='bbox 1420 2150 1461 2182; x_wconf 85' lang='lat' dir='ltr'>In</span> <span class='ocrx_word' id='word_1_259' title='bbox 1486 2160 1566 2182; x_wconf 74' lang='lat' dir='ltr'>mea</span> <span class='ocrx_word' id='word_1_260' title='bbox 1584 2161 1729 2195; x_wconf 70' lang='lat' dir='ltr'>qnoque</span> 
     </span>
     <span class='ocr_line' id='line_1_34' title="bbox 129 2199 1086 2249; baseline 0.003 -17"><span class='ocrx_word' id='word_1_261' title='bbox 129 2211 301 2246; x_wconf 77' lang='lat' dir='ltr'>squamae</span> <span class='ocrx_word' id='word_1_262' title='bbox 322 2200 532 2246; x_wconf 79' lang='lat' dir='ltr'>granulatae</span> <span class='ocrx_word' id='word_1_263' title='bbox 551 2206 730 2247; x_wconf 79' lang='lat' dir='ltr'>minores,</span> <span class='ocrx_word' id='word_1_264' title='bbox 751 2212 861 2249; x_wconf 71' lang='lat' dir='ltr'>quam</span> <span class='ocrx_word' id='word_1_265' title='bbox 878 2205 917 2234; x_wconf 86' lang='lat' dir='ltr'>in</span> <span class='ocrx_word' id='word_1_266' title='bbox 932 2199 1086 2236; x_wconf 77' lang='lat' dir='ltr'>Sebana.</span> 
     </span>
    </p>
   </div>
  </div>
 </body>
</html>
