2054 2748
772 171 1163 200 MAMMALIA.
1723 175 1771 216 17

240 257 311 292 Per
331 256 452 304 plures
467 255 589 291 adhuc
610 254 704 301 dies,
732 255 816 303 gelu
842 260 986 289 intenso
1007 259 1206 298 continuo,
1227 257 1343 288 vivam
1363 258 1490 301 reperi.
1517 255 1576 289 Ad
1599 256 1771 292 ultimum

168 325 271 348 aures
298 312 449 361 oblique
478 318 661 348 anteriora
689 324 809 347 versus
841 321 1055 359 protensae,
1081 310 1292 359 animalque
1323 310 1474 346 demum
1499 310 1533 345 d.
1559 314 1614 347 28,
1637 320 1770 349 mensis

167 368 296 405 nivalis
319 379 506 405 mortuum
529 379 713 418 repertum
734 377 795 416 est.
826 368 911 414 (Tr.
930 365 1020 413 Ed.)

469 491 1030 537 VESPERTILIO
1082 491 1491 536 NOCTULA.

239 607 545 653 Frequentissima
570 610 799 640 nostratium.

239 662 383 696 Dentes
397 666 570 696 incisores
592 667 795 710 superiores
815 661 892 696 bini
910 660 1017 697 valde
1037 660 1210 695 distantes
1226 688 1234 705 ,
1256 666 1303 694 ita
1328 670 1367 695 ut
1386 664 1482 694 inter
1500 658 1564 694 illa
1582 664 1680 707 paria
1699 658 1772 693 duo

166 730 341 765 magnum
362 723 407 754 sit
426 719 670 754 intervallum.
698 719 859 768 Oblique
879 719 1007 753 directi
1030 729 1113 753 sunt
1134 730 1254 753 versus
1274 722 1455 752 interiora.
1483 718 1636 751 Interior
1662 716 1775 764 paulo

166 774 313 822 longior
329 775 572 827 graciliorque
589 782 790 820 exteriore,
816 775 1083 824 bicuspidatus‚
1107 781 1276 810 acumine
1297 780 1477 808 exteriore
1500 772 1674 808 breviore.
1701 776 1775 808 Ex-

164 838 276 867 terior
292 838 490 867 incisorum
508 839 547 868 iu
566 846 640 868 uno
657 846 826 868 meorum
848 839 1091 882 speciminum
1111 838 1149 866 in
1168 842 1269 881 parte
1287 837 1465 867 exteriore
1487 829 1597 878 plane
1618 843 1772 867 excava-

166 898 222 923 tus
247 899 309 923 cst.

237 948 413 981 Incisores
434 947 621 982 inferiores
638 947 771 993 tribus,
794 953 868 983 imo
890 949 1002 983 medii
1021 957 1179 996 quatuor
1191 946 1425 993 acuminibus
1441 945 1579 981 obtusis
1603 944 1774 992 gaudent⁷

164 1002 352 1051 tribusque
371 1003 529 1038 seriebus
551 1018 644 1039 unus
666 1016 751 1041 ante
777 1005 935 1041 alterum
963 1011 1011 1040 ita
1035 1010 1174 1053 positus
1194 1015 1268 1049 est,
1297 1014 1336 1039 ut
1362 1009 1563 1038 anteriores
1585 1002 1777 1037 dimidiam

163 1065 406 1108 posteriorum
428 1071 568 1108 partem
586 1071 734 1109 tegant3
758 1062 795 1097 id
820 1063 921 1110 quod
946 1062 1059 1110 figura
1080 1072 1186 1097 aucta
1207 1060 1468 1096 illustrandum
1487 1059 1592 1095 foret.

234 1127 392 1160 LanIarii
420 1125 609 1162 inferiores
632 1140 784 1176 parvum
806 1141 963 1163 acumen
988 1133 1137 1162 interius
1162 1127 1221 1163 vel
1244 1126 1422 1174 angulum
1442 1125 1591 1160 habent.

236 1190 400 1226 Molares
422 1191 609 1228 inferiores
633 1203 812 1241 quaterno
840 1199 951 1228 etiam
971 1193 1124 1238 ordine,
1149 1191 1300 1240 oblique
1321 1197 1429 1239 positi
1450 1203 1525 1225 esse
1548 1189 1726 1225 videntur.

237 1257 279 1290 In
293 1256 431 1291 sceleto
446 1257 573 1293 dentes
588 1259 788 1294 ostendunt
803 1270 980 1293 coronam
990 1262 1285 1305 proeminentem
1298 1269 1404 1304 supra
1415 1260 1615 1301 marginem
1629 1252 1775 1299 alveoli,

163 1322 235 1359 qua
258 1325 294 1346 re
316 1313 419 1347 radix
440 1319 585 1348 tenuior
604 1314 653 1349 fit.

234 1368 397 1400 Noctula
417 1375 528 1412 quam
546 1370 615 1400 Ao.
637 1369 735 1411 1782'.
754 1369 788 1398 d.
815 1368 866 1399 15.
881 1369 1065 1399 Februarii
1087 1368 1281 1399 deciduam
1303 1377 1348 1398 ex
1362 1365 1502 1412 templo
1523 1370 1624 1412 cepi,
1644 1371 1681 1399 in
1695 1377 1774 1400 mu—

163 1434 224 1458 seo
244 1433 327 1456 meo
352 1421 513 1456 scatulae
542 1421 683 1456 inclusa
712 1420 917 1466 hybernare
937 1426 1185 1465 continuavit,
1209 1426 1373 1469 quamvis
1396 1421 1562 1468 quotidie
1583 1421 1775 1457 calefieret.

162 1479 330 1514 Demum
353 1477 387 1513 d.
408 1491 462 1513 21.
482 1477 670 1513 Februarii
690 1490 805 1526 quum
826 1483 956 1526 quinto
980 1477 1093 1525 gradu
1115 1490 1222 1526 supra
1246 1477 1403 1525 glaciem
1424 1487 1517 1511 esset
1540 1478 1776 1514 Reaumuria-

163 1548 252 1571 num
274 1535 599 1582 thermometrum,
625 1541 762 1584 vesperi
782 1539 976 1582 irrequieta
999 1533 1076 1569 fieri
1100 1540 1241 1582 coepit,
1270 1544 1305 1569 et
1330 1533 1539 1568 sibilantem
1560 1546 1691 1569 vocem
1707 1534 1776 1569 fre-

164 1603 340 1642 quentem
362 1591 497 1637 edidit,
525 1604 636 1641 quam
656 1592 805 1641 triplam
833 1591 1029 1627 observavi.
1059 1591 1237 1626 Oblatum
1257 1590 1401 1626 lardum
1422 1604 1498 1625 non
1520 1596 1646 1638 tetigit.
1667 1592 1776 1626 Posui

164 1651 251 1686 dein
280 1655 317 1684 in
345 1649 418 1684 alio
448 1649 617 1685 conclavi
645 1662 723 1684 non
752 1649 904 1684 calente.
945 1650 993 1683 D.
1023 1661 1077 1683 22.
1098 1648 1200 1683 Febr.
1222 1660 1330 1683 mane
1359 1653 1431 1684 visa
1461 1653 1594 1683 iterum
1620 1658 1776 1697 torpens.

164 1707 490 1742 Thermometrum
510 1716 585 1742 erat
605 1712 713 1742 tertio
734 1707 848 1754 gradu
867 1720 973 1755 supra
999 1706 1165 1754 glaciem.

237 1772 287 1806 D.
312 1787 337 1806 1.
358 1772 503 1815 Martii,
531 1781 666 1816 noctu,
694 1781 913 1819 tempestate
941 1781 994 1806 sat
1018 1771 1160 1820 tepida,
1187 1770 1293 1807 valde
1313 1776 1510 1820 irrequieta
1532 1781 1567 1807 et
1593 1771 1775 1818 clamans,

163 1835 278 1877 magis
294 1840 442 1876 quoque
463 1827 602 1862 foetere
621 1833 704 1863 visa.
732 1829 829 1862 Tota
853 1828 911 1863 die
935 1828 1132 1876 tranquilla
1157 1827 1281 1863 suerat.

237 1896 280 1929 In
303 1893 374 1928 alia
402 1899 509 1928 tertio
539 1892 711 1927 fructiferi
744 1898 877 1928 mensis
909 1898 996 1927 anni
1017 1893 1048 1928 b‘.
1078 1893 1136 1927 die
1167 1892 1497 1940 (17922.A11gusi0)
1526 1893 1613 1928 mihi
1645 1893 1774 1937 allata,

165 1963 279 1999 quam
296 1962 364 1997 ego
386 1951 542 1985 eandem
564 1962 648 1984 cum
666 1950 829 1985 Noctula
849 1963 924 1985 esse
945 1960 1033 1998 puto
1051 1977 1059 1995 ‚
1099 1949 1204 1984 color
1232 1955 1270 1983 in
1291 1949 1399 1984 dorso
1423 1960 1459 1985 et
1489 1961 1613 1985 ventre
1640 1950 1776 1985 unifor-

165 2013 274 2042 miter
292 2007 428 2051 suscus,
447 2007 661 2042 membrana
681 2006 821 2042 alarum
843 2018 1022 2055 auresque
1042 2012 1175 2054 nigrae.
1205 2008 1347 2053 Unguis
1368 2007 1512 2055 pollicis
1535 2007 1640 2042 valde
1662 2007 1774 2041 brexis

167 2074 202 2099 et
228 2064 386 2099 obtusus.
415 2065 539 2099 Facies
557 2076 634 2098 non
654 2069 702 2099 ita
725 2063 812 2109 lata,
842 2074 883 2098 ut
912 2069 951 2098 in
974 2064 1086 2110 ligura
1109 2063 1372 2098 Daubentonia
1398 2065 1521 2099 silem.
1550 2064 1597 2098 (le
1617 2062 1773 2097 lmlcad.

168 2129 204 2154 et
225 2126 262 2154 in
277 2120 537 2156 Schreberiana
562 2122 701 2168 (minus
721 2120 819 2155 bona
844 2121 967 2169 quoad
988 2120 1129 2168 caput.)
1153 2120 1265 2155 Labio
1286 2127 1472 2169 superiore
1491 2121 1595 2157 vald«¹
1616 2119 1748 2153 uilem
1764 2147 1773 2161 v

170 2177 306 2223 papilla
327 2178 505 2213 distincta.
533 2179 716 2213 Primores
733 2183 936 2226 superiores
961 2176 1071 2224 longe
1091 2178 1265 2213 distantes
1280 2205 1288 2224 7
1306 2190 1507 2227 eorumque
1523 2181 1700 2226 posterior
1713 2181 1773 2210 vix

172 2238 399 2279 conspicuus.
427 2234 588 2270 Molares
603 2240 775 2283 peracuti.
795 2233 950 2282 Reliqua
970 2238 1024 2269 uti
1042 2246 1158 2283 supra.

1503 2292 1531 2324 G
