2054 2748
887 176 1098 206 Aves.
1722 167 1790 209 181

269 261 338 295 Ao.
365 271 463 307 ¹779·
483 260 516 295 d.
538 272 592 294 22.
612 261 703 306 Maji
728 271 859 307 agmen
884 259 1124 295 ducentarum
1154 259 1333 306 ejusmodi
1357 265 1477 295 avium
1509 261 1677 307 (Tantali
1696 262 1798 298 falci-

195 316 305 363 nelli)
330 329 393 364 per
412 316 590 351 Alsatiam
612 329 633 350 a
655 322 902 364 septentrione
921 328 1042 351 versus
1068 316 1260 351 meridiem
1287 321 1478 364 migravit,
1502 327 1538 352 et
1567 325 1698 365 passim
1725 333 1798 354 una

194 383 257 408 aut
279 373 392 408 altera
417 372 529 420 globo
553 373 678 407 missili
699 379 817 407 occisa
836 382 896 407 est.

266 430 437 464 Durante
465 430 625 464 concilio
651 429 853 476 legatorum
884 429 1128 463 Rastadtiensi
1157 430 1202 464 de
1232 441 1322 478 pace
1353 438 1531 465 tractante
1557 429 1657 464 haud
1688 430 1800 478 longe

194 487 383 520 Rastadtio
409 486 489 525 talis
513 492 586 521 avis
609 491 727 520 occisa
749 495 819 530 est,
834 491 960 532 ignota
976 484 1146 519 omnibus
1162 513 1170 529 ,
1193 492 1303 520 etiam
1323 491 1628 520 exercitatissimis
1647 497 1797 521 venato⁸

194 543 301 578 ribus.
330 545 398 578 Per
416 545 539 589 jocum
563 551 692 577 vocata
720 552 773 576 est
797 543 867 575 der
893 541 1233 588 Congress-Vogel
1254 542 1345 589 (avis
1374 541 1551 590 concilii.)
1589 542 1799 577 Gmelimxs

194 600 403 647 Professor
420 598 708 634 Carlsrulzanus
723 626 735 641 ,
757 601 798 633 ιή
814 598 952 633 litteris
973 599 1005 633 d.
1028 597 1081 632 51.
1102 596 1174 633 Jul.
1202 599 1299 645 1798.
1326 597 1413 645 (Ao.
1436 597 1488 645 7.)

545 715 983 759 SCOLOPAX
1033 715 1447 772 ARQUATA.

267 827 310 860 ΙΝ
325 835 424 860 sexta
449 828 593 873 remige
612 831 793 873 incipiunt
815 825 982 861 maculae
1002 831 1039 860 in
1058 836 1214 874 utroque
1234 830 1399 873 margine
1421 838 1427 859 :
1451 823 1498 859 ab
1517 829 1620 860 initio
1647 835 1801 873 quatuor

193 887 334 929 parium
352 909 360 926 ,
383 892 461 916 tum
483 888 656 930 quinque.
684 882 929 918 Secundariae
949 889 1100 930 remiges
1127 892 1268 930 septem
1286 887 1425 929 primae
1447 886 1550 928 apice
1574 886 1720 928 nigrae,
1745 886 1801 918 se-

194 949 348 985 quentes
363 944 485 973 statim
504 949 661 986 utroque
680 945 843 986 margine
854 939 940 974 albo
953 939 1167 974 maculatae.
1188 939 1302 973 Tertii
1316 937 1616 985 reliquorumque
1631 939 1802 976 ordinum

193 1000 342 1042 pariter,
366 995 429 1028 sed
448 1000 561 1041 magis
582 995 842 1042 irregulariter,
867 1005 903 1030 et
921 995 1020 1030 fulvo
1042 995 1213 1029 dilutiore
1237 993 1399 1028 albedini
1420 998 1548 1027 mixto.
1571 993 1705 1029 Subtus
1724 1003 1804 1043 pari

192 1050 329 1094 modo,
351 1050 415 1085 sed
438 1050 619 1098 pallidius.
641 1052 853 1086 Postremae
872 1061 1024 1095 acutae,
1046 1050 1278 1098 longitudine
1298 1056 1505 1098 primarum.
1530 1051 1722 1101 Teccrc‘ces
1747 1058 1803 1088 in-

192 1105 339 1140 feriores
364 1106 519 1153 longae,
548 1106 676 1151 laxae,
704 1108 751 1141 ad
776 1107 879 1141 basin
903 1107 1019 1141 fasciis
1038 1116 1216 1154 quatuor,
1248 1117 1283 1140 et
1308 1113 1419 1154 apicis
1443 1106 1573 1141 rhachi
1592 1113 1803 1155 nigricanti-

192 1162 281 1208 bus,
300 1163 521 1210 marginibus
542 1175 662 1198 versus
677 1169 861 1211 superiora
877 1168 1047 1207 recurvis,
1064 1163 1165 1211 quod
1180 1162 1371 1210 singulare.
1392 1162 1639 1199 Subaxillares
1656 1177 1801 1211 novem,

194 1217 347 1266 longae,
367 1229 487 1254 rectae
502 1248 510 1263 ,
525 1232 677 1268 quarum
697 1233 760 1254 sex
780 1226 918 1268 primae
934 1219 1061 1254 rhachi
1075 1219 1121 1253 ad
1136 1225 1280 1267 apicem
1299 1225 1510 1266 nigricante.
1538 1220 1636 1255 Ante
1655 1220 1718 1255 has
1734 1232 1803 1257 tres

194 1274 285 1309 aliae
311 1276 562 1311 decrescentes
582 1276 838 1324 longitudine,
870 1282 923 1311 uti
943 1282 1032 1311 istae
1052 1288 1194 1310 novem.
1221 1277 1301 1310 Hae
1323 1275 1388 1309 alis
1412 1275 1643 1323 complicatis
1670 1290 1800 1314 occur-

194 1342 278 1366 runt
301 1338 375 1367 istis
394 1333 590 1380 remigibus
609 1332 839 1367 inferioribus
859 1332 1011 1367 secundi
1033 1332 1192 1376 ordinis,
1212 1340 1247 1365 et
1266 1330 1399 1378 planae
1417 1331 1483 1366 sibi
1505 1341 1681 1379 tanquam
1707 1334 1801 1370 duae

194 1387 299 1423 volae
318 1400 447 1422 manus
469 1389 535 1422 sibi
559 1388 764 1435 applicatae
785 1388 1021 1434 respondent.

264 1445 432 1492 Remiges
451 1449 630 1479 tertiariae
653 1456 741 1491 quas
768 1452 874 1479 vocat
899 1441 1069 1486 Leskius,
1097 1446 1135 1476 in
1154 1441 1222 1476 hac
1241 1454 1305 1477 ave
1323 1448 1485 1490 margine
1505 1450 1677 1481 sinuatim
1703 1454 1802 1483 exci-

192 1513 252 1536 sae
268 1530 276 1546 ,
296 1500 563 1548 (fesconne'es)
587 1512 696 1548 quem
715 1499 937 1547 singularem
957 1498 1205 1533 characterem
1220 1500 1402 1534 Linnaeus
1418 1502 1660 1548 praetervidit.

267 1559 462 1592 Rech-tces
484 1567 635 1601 acutae,
669 1556 786 1591 fasciis
814 1554 1077 1604 nigricantibus
1099 1554 1282 1590 undecim.
1306 1556 1516 1592 Tecti-icum
1545 1559 1684 1594 caudae
1710 1560 1801 1596 inse-

193 1620 330 1649 riorum
357 1613 505 1648 rhachis
531 1618 633 1661 apice
658 1618 848 1661 nigricans.
874 1614 1009 1647 Earum
1029 1610 1260 1658 longitudine
1283 1611 1357 1647 fere
1379 1614 1426 1648 ad
1444 1620 1587 1662 apicem
1611 1623 1801 1653 rectricem

193 1676 378 1719 pertingit.
409 1671 657 1717 Uropygium
683 1670 818 1705 album.
853 1670 1021 1703 Crissmn
1049 1673 1250 1714 nigricante
1269 1669 1506 1706 maculatum.
1535 1672 1653 1707 Tibia
1683 1674 1798 1709 denu-

194 1727 279 1762 data
302 1737 337 1762 et
359 1736 487 1761 tarsus
511 1726 656 1774 pollicis
677 1727 846 1761 distantia
866 1725 932 1760 sub
951 1723 1123 1772 geniculo
1149 1735 1358 1773 squamatus
1379 1733 1538 1774 squamis
1551 1730 1800 1777 sexangulari-

193 1783 270 1819 bus.
298 1783 452 1831 Reliqua
474 1796 554 1831 pars
570 1789 653 1818 tarsi
673 1793 822 1818 scutata.

267 1842 428 1888 Lingua
459 1840 595 1884 brevis,
622 1839 767 1888 pollicis
792 1839 1044 1887 longitudine,
1075 1848 1192 1874 acuta.
1222 1839 1439 1875 Mandibula
1461 1841 1609 1878 inferior
1630 1844 1676 1879 ad
1697 1844 1799 1880 basin

194 1897 333 1946 pallide
356 1897 527 1932 violacea.
554 1897 670 1932 Iridis
691 1896 835 1932 nullum
860 1896 1085 1944 peculiarem
1112 1895 1276 1930 colorem
1296 1896 1458 1933 observo.

268 1953 487 1988 Keillmclae
504 1982 515 1996 ,
573 1954 694 1988 visch.
717 1953 788 1988 tab.
810 1963 888 1995 22'1·
915 1954 993 1988 225.

267 2013 430 2058 Arquata
451 2023 566 2058 aeque
587 2011 758 2045 distincte
777 2016 992 2059 pronuntiat
1015 2010 1164 2053 comli,
1197 2023 1305 2059 quam
1334 2011 1484 2047 cuculus
1515 2026 1620 2049 suum
1651 2027 1797 2049 nomen.

196 2067 307 2115 Apud
325 2080 392 2101 nos
416 2080 505 2102 rara.
539 2070 798 2115 Cupiosissima
824 2073 861 2101 in
894 2068 1052 2101 Beauce
1077 2077 1112 2100 et
1136 2067 1325 2103 Gacinois
1342 2097 1353 2111 ,
1379 2070 1536 2116 galliae
1565 2071 1797 2117 wgiom'bus.

195 2126 236 2158 In
257 2123 427 2170 glareosis
451 2130 554 2159 siccis
575 2124 625 2159 ibi
654 2124 752 2172 degit
768 2153 776 2169 ,
804 2129 942 2171 vesperi
974 2129 1133 2157 maxime
1165 2124 1357 2160 audienda.
1386 2128 1500 2162 Vorat
1522 2126 1668 2173 lapillos
1692 2137 1727 2161 et
1752 2140 1797 2162 ex

197 2180 269 2214 illis
284 2181 411 2215 nidum
427 2182 493 2215 sibi
511 2187 624 2216 struit.
640 2184 755 2216 Cursu
770 2181 959 2216 celerrimo
976 2179 1075 2227 fugit.
1088 2181 1287 2218 Macilenta
1301 2193 1339 2218 ut
1354 2188 1391 2217 in
1412 2183 1644 2232 proverbium
1656 2184 1797 2231 abierit,

195 2248 264 2271 ncc
288 2242 494 2281 aestimata,
524 2237 703 2273 referente
720 2239 788 2272 D.0
809 2236 988 2272 Girczrclo.
