2054 2748
244 165 324 193 222

279 248 319 282 T
315 245 452 281 testudo
473 248 720 282 tricarinaca.

290 309 486 355 Propertio
507 306 756 342 scutellorum.

291 363 472 398 Lateralia
483 363 611 398 mediis
620 363 758 397 latiora.

244 419 464 467 Marginalia
477 420 643 454 diametri
653 418 760 452 dimi-

244 474 326 511 diae
344 476 561 510 mediorum„

294 586 413 622 Sterni
434 587 506 621 duo
526 584 679 620 scutella
696 597 759 620 an-

248 649 376 678 teriora
399 642 615 677 brevissima.
631 643 760 688 Quarti

246 700 383 733 ordinis
406 703 572 732 omnium
592 697 759 745 longissi-

244 767 316 791 ma.
348 754 488 792 Ultima
515 754 759 802 triangularia.

295 1196 512 1246 Superficies
523 1193 763 1230 scutellorum

247 1254 383 1302 glabra.
413 1256 522 1288 Costa
550 1261 613 1286 aut
642 1257 764 1285 carina

247 1309 487 1345 scutellorum
557 1307 764 1343 lateralium

247 1378 360 1401 unam
376 1364 450 1399 sere
467 1369 684 1399 continuam
704 1377 763 1398 ca-

248 1427 367 1456 rinam
391 1420 544 1465 format,
578 1424 631 1453 uti
658 1431 763 1466 supra

249 1478 400 1513 dictum.

283 1532 399 1568 Color
408 1530 599 1566 uniformis
610 1541 765 1577 superne

250 1590 389 1632 fuscus3
408 1585 666 1634 marginalium
684 1599 764 1620 scu-

252 1645 428 1681 tellorum
453 1641 598 1677 macula
624 1642 764 1677 laterali

252 1701 361 1736 lutea.
390 1699 511 1734 Sterni
531 1698 650 1733 luteus
665 1727 673 1743 ,
692 1699 764 1733 dis-

254 1769 338 1793 cum
353 1769 473 1793 versus
487 1755 702 1792 suscescens.

890 242 1061 278 Tescudo
1077 243 1200 292 picta.

837 356 962 391 Media
975 355 1185 391 lateralibus
1199 354 1304 389 dimi-

790 412 850 447 dio
862 412 1001 448 latiora.
1021 411 1239 460 Marginalia
1251 409 1304 444 la-

791 469 962 504 teralibus
983 469 1133 504 dimidia
1153 478 1215 503 aut
1233 478 1304 503 ter-

793 532 839 561 tia
859 536 961 574 parte
980 531 1198 573 angustiora.

861 583 996 618 Omnia
1053 581 1306 630 magnitudine

792 638 903 687 longe
955 644 1070 686 magis
1127 638 1304 687 aequalia.

792 697 974 742 Quartum
1017 708 1149 743 parum
1190 696 1306 742 majus

792 753 948 801 reliquis.

843 1192 1060 1242 Superficies
1070 1191 1311 1229 scutellorum

796 1250 1023 1298 glaberrima.

846 1529 960 1564 Color
987 1534 1190 1577 nigricans,
1215 1540 1310 1563 mar-

797 1587 939 1634 ginibus
970 1595 1033 1621 aut
1068 1590 1313 1620 commissuris

797 1643 1036 1678 scutellorum
1055 1642 1208 1677 albidis:
1234 1655 1312 1676 ma-

797 1700 880 1735 cula
907 1699 1161 1734 coerulescens
1188 1709 1251 1734 aut
1270 1698 1315 1733 li-

798 1757 879 1793 vicla
912 1756 1004 1790 olim
1038 1766 1238 1804 antequam
1270 1755 1316 1790 li-

797 1827 891 1863 quor
912 1818 1126 1861 spirituosus
1152 1823 1314 1848 mutatus

797 1881 889 1906 esset
908 1876 946 1904 in
966 1875 1074 1904 tertio
1094 1879 1129 1904 et
1143 1879 1273 1917 quarto
1285 1875 1314 1904 si

799 1928 892 1963 bene
904 1931 1057 1961 memini
1069 1952 1077 1971 ,
1089 1925 1246 1961 scutello
1259 1925 1313 1961 la-

798 1983 914 2020 terali.

845 2043 886 2075 In
905 2037 1165 2086 marginalibus
1187 2050 1313 2073 macu-

799 2097 834 2132 la
874 2095 1037 2131 albicans
1077 2095 1286 2142 marginalis
1305 2124 1313 2141 ‚

800 2165 894 2201 quae
914 2158 952 2187 iu
972 2151 1132 2187 secunda
1145 2179 1154 2196 ,
1175 2161 1211 2186 et
1242 2151 1314 2186 (lis-

802 2214 949 2244 tinctius
979 2215 1018 2243 in
1057 2207 1314 2258 sequentibus,

615 157 1091 192 OBSERVATIONES
1132 157 1512 187 ZOOLOGICAE.

1422 238 1594 275 Tescudo
1617 238 1768 275 scabra.

1382 352 1563 388 Lateralia
1574 352 1704 387 mediis
1713 351 1785 386 fere
1796 350 1850 385 la-

1336 409 1493 445 titudine
1508 408 1687 456 aequalia.
1715 410 1853 454 Margi-

1336 465 1434 500 nalia
1470 465 1621 500 dimidia
1657 464 1851 499 latitudine

1336 520 1543 557 lateralium
1562 520 1704 556 latiora.

1385 577 1507 612 Sterni
1519 577 1592 612 duo
1608 575 1764 613 scutella
1778 581 1850 624 pri-

1336 646 1395 669 ma
1423 633 1683 680 triangularia3
1721 645 1852 667 secun-

1337 691 1427 726 dum
1454 689 1751 737 trapezoideum3
1784 698 1854 722 ter-

1338 753 1430 782 tium
1453 755 1490 781 et
1515 755 1686 793 quartum
1710 749 1853 791 magni-

1338 803 1467 838 tudine
1485 800 1632 849 aequali
1650 810 1856 835 extrorsum

1338 864 1376 893 in
1387 863 1577 906 regionem
1587 855 1856 904 interpedalem

1339 914 1579 963 productum;
1607 918 1777 960 quintum
1797 918 1857 947 vix

1341 971 1485 1017 longius
1511 969 1752 1016 quadratum3
1775 981 1857 1003 sex-

1341 1036 1420 1060 tum
1430 1024 1577 1071 reliquis
1589 1024 1749 1068 brevius,
1760 1036 1856 1058 mar-

1341 1087 1426 1128 gine
1467 1086 1669 1127 posteriore
1713 1080 1858 1116 curvili-

1342 1148 1465 1171 neum.

1391 1191 1609 1241 Superficies
1618 1191 1860 1227 scutellorum

1342 1255 1487 1298 punctis
1497 1248 1741 1283 eminentibus
1753 1259 1860 1283 nota-

1344 1317 1399 1351 ta3
1417 1305 1627 1341 lateralium
1647 1311 1768 1340 carina
1781 1317 1860 1340 me-

1343 1363 1403 1398 dia
1422 1373 1485 1398 aut
1510 1361 1674 1407 costula,
1701 1374 1796 1409 quae
1822 1366 1860 1396 in

1342 1418 1472 1452 ultima
1491 1417 1688 1452 obscurior.

1393 1528 1509 1564 Color
1521 1515 1677 1577 superne
1691 1527 1787 1563 rufus
1798 1539 1861 1565 aut

1343 1586 1566 1634 ferrugineus
1588 1599 1596 1629 ;
1632 1585 1755 1621 ablata
1783 1592 1859 1633 epi-

1345 1643 1508 1678 dermide
1523 1654 1656 1677 cornea
1676 1641 1781 1676 color
1793 1642 1860 1676 ob-

1343 1712 1447 1735 scure
1465 1704 1640 1734 cinereus.
1668 1697 1787 1733 Sterni
1801 1698 1858 1733 lu-

1344 1768 1442 1801 teus⁷
1464 1768 1585 1791 versus
1604 1764 1772 1791 centrum
1791 1753 1861 1789 fer-

1344 1820 1523 1862 rugineuS.

1393 1872 1508 1917 Regio
1520 1874 1616 1903 inter
1628 1867 1740 1916 pedes
1754 1877 1858 1902 ante-

1343 1932 1456 1962 riores
1479 1935 1514 1961 et
1535 1930 1755 1974 posteriores
1771 1934 1860 1959 ster-

1344 1997 1394 2019 no
1423 1982 1603 2019 concolor
1622 2010 1630 2025 ‚
1658 1994 1735 2015 non
1763 1981 1861 2016 dorsi

1344 2051 1448 2075 scuto
1462 2068 1470 2084 ,
1481 2045 1535 2074 uti
1546 2039 1689 2073 videtur
1701 2043 1738 2072 in
1752 2043 1859 2085 picta.

1345 2094 1861 2145 Capitissuperficiessuperior

1344 2152 1545 2199 ferruginea
1560 2179 1568 2196 ‚
1588 2151 1692 2185 lineis
1704 2161 1861 2199 quatuor

1345 2208 1551 2257 sulphureis
1563 2207 1780 2254 lamiscum,
1796 2221 1860 2243 ex-
