2054 2748
270 124 354 179 254
654 124 1093 162 OBSERVATIONES
1136 124 1485 153 zooLoeicAE.

266 223 471 265 :marginem
497 221 683 264 utriusque
708 214 848 249 orbitae
872 211 1026 245 duarum
1047 209 1229 244 linearum
1249 219 1333 242 cum
1355 206 1516 242 dimidia.
1543 206 1756 254 Longitudo
1777 219 1874 242 mar-

268 281 361 322 ginis
381 273 540 324 papillae
561 272 738 308 inferioris
753 270 799 304 ad
814 273 1018 315 marginem
1036 272 1248 315 oppositae,
1271 265 1402 300 decem
1420 263 1600 299 linearum
1616 275 1699 298 cum
1715 263 1876 301 dimidia.

268 333 441 368 Latitudo
467 336 572 366 rostri
595 336 703 365 trium
723 327 901 361 linearum
925 337 1009 359 cum
1029 324 1189 359 dimidia.
1615 358 1618 366 ,

340 390 512 423 Rostrum
543 383 691 420 maxilla
719 387 905 430 superiore
933 386 1036 429 apice
1059 379 1322 415 subdilatatum
1338 406 1346 425 7
1364 377 1606 413 subtrifidum.
1634 377 1778 413 Dente's
1802 378 1875 413 duo

267 451 385 489 acuti,
403 446 665 493 approximati,
686 452 814 488 parum
835 438 1079 486 divergentes,
1098 443 1135 472 iu
1155 443 1268 485 apice.
1297 438 1339 471 In
1358 435 1492 470 lacinia
1515 434 1659 470 laterali
1676 440 1788 483 apicis
1814 441 1875 471 tri—

267 502 331 538 fidi
351 502 476 536 dentes
492 505 649 532 minores
670 497 765 541 duo,
783 500 999 544 propinqui,
1018 494 1135 529 altero
1152 494 1392 529 subinteriore
1407 504 1442 528 et
1458 492 1640 538 breviore,
1662 492 1718 540 (in
1733 498 1876 527 sinistro

268 559 399 594 saltem
420 559 530 592 latere
540 555 567 602 ‚)
588 553 829 602 sesquilineae
851 553 1021 588 distantia
1041 557 1173 586 remoti
1193 551 1239 587 ab
1265 550 1516 587 anterioribus.
1544 552 1631 585 Post
1654 555 1762 585 series
1785 549 1875 585 den·

268 623 359 652 tium
377 618 681 661 vigintiquinque
705 611 918 646 distantium
931 638 939 654 ,
960 621 1005 643 eo
1028 608 1235 644 breviorum
1255 621 1330 657 quo
1351 617 1436 643 sunt
1454 613 1682 656 posteriores.

341 669 495 706 Maxilla
523 668 673 703 inferior
702 673 837 716 pariter
862 672 966 715 apice
994 665 1240 710 subdilatata‚
1270 664 1441 701 dentibus
1468 663 1612 699 duobus
1637 663 1877 699 anterioribus

267 728 496 776 longioribus
510 754 518 772 ,
537 731 707 771 remotis,
726 735 766 759 ut
787 724 909 759 clausa
923 722 1075 758 maxilla
1091 722 1165 757 duo
1180 728 1382 770 superiores
1400 728 1439 756 in
1453 726 1685 756 interstitium
1699 726 1878 770 recipian-

268 797 343 830 tur,
363 785 684 832 subdivergentes‚
705 782 780 817 basi
799 780 1019 829 sesquilinea
1035 808 1043 823 ,
1063 785 1167 829 apice
1185 780 1298 815 tribus
1317 779 1422 814 lineis
1441 779 1626 814 distantes.
1655 779 1753 812 Tum
1772 783 1878 814 series

268 844 435 879 dentium
460 847 586 890 viginti
605 846 768 889 quinque
791 849 832 874 ut
851 844 891 873 in
913 837 1064 873 maxilla
1084 842 1280 886 superiore.

340 899 501 935 Foveola
523 908 609 934 ante
631 904 773 946 apicem
795 901 921 941 rostri,
946 905 1032 930 ante
1055 907 1165 943 quam
1187 894 1355 929 foramen
1374 903 1636 936 transversum,
1657 902 1762 925 nares
1781 890 1878 925 scili-

268 966 327 992 cet
345 962 477 1003 exiguo
502 965 606 1003 septo
634 955 836 990 distinctae.
871 954 1109 987 Foraminum
1136 964 1157 986 a
1188 951 1358 986 dentibus
1387 948 1617 984 inferioribus
1647 958 1879 996 pertusorum

268 1012 322 1047 nil
341 1011 457 1046 videO.
1292 1004 1295 1006 ’

342 1066 497 1100 Maxilla
512 1070 677 1112 superior
690 1068 850 1110 squamis
871 1062 1098 1107 glaberrImis
1112 1061 1481 1107 subsexangularibus
1497 1065 1727 1094 transversim
1742 1065 1780 1094 in
1795 1059 1880 1094 lon-

268 1135 356 1171 gum
376 1122 494 1156 ductis
515 1119 673 1154 obtecta.
700 1120 743 1152 In
767 1116 930 1165 qualibet
952 1125 1091 1163 puncta
1118 1115 1214 1161 duo,
1234 1125 1303 1150 tres
1323 1125 1385 1150 aut
1410 1125 1568 1163 quatuor
1590 1121 1703 1162 nigra.
1728 1115 1882 1150 Inferior

268 1179 447 1222 albidior,
471 1182 631 1225 squamis
646 1180 707 1210 vix
726 1179 857 1209 suturis
878 1178 1082 1208 tenerrimis
1095 1171 1317 1206 subsinuosis
1333 1171 1522 1207 distinctis.
1550 1172 1692 1206 Puncta
1711 1170 1882 1220 frequen·

269 1241 379 1279 nora,
401 1233 608 1282 pallidiora.
636 1233 768 1279 Margo
789 1229 885 1265 nihil
909 1234 1042 1264 sinuati
1063 1227 1197 1273 habet,
1215 1238 1256 1263 ut
1275 1234 1314 1263 in
1336 1228 1465 1264 altero,

341 1291 452 1327 Oculi
475 1288 712 1337 subobliqui‚
734 1294 771 1323 in
792 1287 904 1336 plano
924 1285 999 1321 fere
1014 1290 1166 1321 verticis.
1193 1286 1306 1320 Retro
1322 1285 1450 1320 oculos
1466 1285 1559 1321 duae
1579 1284 1705 1321 foveae
1719 1285 1882 1334 planius-

270 1348 397 1394 culae,
420 1347 585 1393 ejusdem
609 1358 693 1380 curn
722 1345 838 1380 oculis
864 1343 1128 1391 magnitudinis
1145 1370 1154 1388 ⁷
1179 1343 1445 1390 respondentes
1474 1342 1530 1377 illi
1559 1353 1748 1390 aperturae
1771 1354 1883 1391 quam

270 1412 309 1441 in
326 1404 464 1441 sceleto
483 1403 632 1438 alterius
647 1407 782 1450 speciei
807 1403 968 1436 Javanae
987 1399 1105 1434 video.

344 1462 500 1496 Aurium
520 1472 567 1494 ne
591 1458 742 1506 quidem
761 1456 887 1491 locum
907 1455 1102 1502 distinguo.

342 1520 426 1555 Pari
445 1517 519 1552 fere
543 1516 713 1551 distantia
739 1513 786 1548 ab
814 1511 986 1555 foveolis,
1012 1524 1084 1559 qua
1106 1510 1176 1545 hae
1197 1509 1244 1545 ab
1268 1510 1384 1545 oculis
1404 1510 1562 1557 distant,
1586 1521 1671 1546 sunt
1688 1511 1781 1547 duae
1801 1525 1881 1548 ver-

271 1587 380 1612 rucae
404 1573 589 1621 oblongae
605 1601 614 1618 ,
640 1570 873 1619 longitudine
897 1574 1006 1604 trium
1032 1567 1230 1612 linearum,
1252 1573 1329 1615 pari
1356 1566 1590 1615 longitudine
1614 1581 1634 1603 a
1662 1581 1699 1602 se
1725 1574 1883 1605 Invicem

272 1633 458 1668 distantes.
490 1630 551 1677 (In
569 1629 686 1664 altero
708 1625 898 1661 crocodilo
926 1624 1056 1659 harum
1077 1636 1308 1659 verrucarum
1329 1634 1413 1658 sunt
1429 1624 1615 1672 quatuor.)
1645 1627 1728 1660 Jam
1748 1638 1883 1661 novem

272 1689 453 1725 ,linearum
473 1687 644 1721 distantia
662 1684 709 1719 ab
729 1684 784 1719 his
807 1683 901 1718 duae
914 1682 1008 1717 aliae
1023 1681 1158 1716 similes
1170 1709 1179 1727 ,
1202 1681 1313 1729 paulo
1330 1687 1442 1729 magis
1461 1694 1481 1716 a
1496 1694 1533 1716 se
1551 1687 1705 1717 invicem
1718 1692 1882 1717 remotae

275 1758 372 1795 pone
388 1745 624 1791 divergcntcs.

348 1803 439 1848 (Hic
460 1801 675 1848 abrumpere
698 1798 986 1846 descriptionem
1014 1805 1163 1831 coactus
1184 1808 1285 1843 sum,
1309 1808 1516 1845 possessore
1540 1795 1744 1832 Treuttelio
1767 1802 1883 1845 speei-

274 1870 361 1893 men
379 1857 597 1906 repetente.)

657 1890 1042 1970 LACERTA
1092 1922 1500 1968 MONITOR.

347 2023 478 2059 Meum
497 2025 681 2069 specimen
705 2019 787 2067 (aut
810 2023 931 2067 potius
951 2017 1025 2051 duo
1038 2021 1237 2065 specimina
1254 2017 1380 2053 colore
1396 2017 1622 2066 maculisque
1642 2030 1719 2051 non
1738 2030 1884 2065 prorsus

277 2078 428 2126 similia)
450 2091 495 2112 ex
507 2080 595 2113 Java
610 2105 617 2122 ‚
639 2077 752 2112 cauda
768 2082 895 2123 utique
912 2080 1071 2109 carInata
1087 2102 1096 2119 ⁷
1109 2074 1171 2109 sed
1191 2073 1340 2118 obtusa,
1357 2088 1471 2122 quum
1490 2081 1528 2109 in
1549 2073 1718 2108 omnibus
1734 2073 1886 2109 Sebanis

279 2137 398 2184 figuris
421 2142 465 2170 sit
485 2145 601 2170 acuta.
630 2135 759 2181 Figura
779 2133 894 2168 Sebae
914 2134 955 2167 ΙΙ.
971 2132 1028 2167 δύ.
1045 2145 1074 2166 2.
1096 2136 1269 2166 convenit
1293 2131 1421 2165 ocellis
1442 2131 1724 2179 abdominisqu'e
1750 2131 1884 2176 fasciis,

277 2194 341 2229 sed
360 2193 477 2229 cauda
492 2192 639 2240 longior
654 2201 691 2227 et
707 2197 850 2227 acutior
863 2200 940 2237 est,
963 2189 1139 2237 digitique
1166 2193 1376 2237 posterioris
1399 2188 1501 2236 pedis
1525 2193 1646 2223 minus
1663 2188 1885 2236 inaequales.
