2054 2748
291 148 365 174 112
675 144 1164 175 OBSERVATIONES
1197 145 1572 178 ZOOLOGICAE.

359 222 475 257 Color
489 222 616 258 fuscus.
642 224 805 260 Pennas
824 222 913 257 colli
940 226 1140 271 capitisque
1163 222 1292 271 longas
1315 229 1456 259 territus
1480 231 1602 261 erexit.
1634 225 1763 273 Caput
1785 232 1882 262 cine-

282 292 435 316 rascens.

358 336 519 371 caudae
541 339 714 371 rectrices
732 334 897 379 albidae,
920 340 1024 383 nigro
1047 336 1288 384 irregulariter
1305 337 1506 386 adspersae.

356 393 527 428 Gallinae
547 394 601 428 illi
621 400 658 427 in
683 404 830 427 caveam
850 391 957 428 datae
977 403 1061 428 sunt
1081 400 1199 439 vivae,
1227 395 1356 442 quibus
1385 395 1476 430 nihil
1497 395 1585 430 mali
1603 396 1735 432 intulit.

353 452 542 486 Trimestri
557 455 672 497 spatio
689 461 767 483 non
782 449 931 484 biberat.
959 451 1132 487 Porrecta
1146 451 1201 486 illi
1214 451 1415 499 aliquando
1435 465 1528 501 aqua
1551 462 1691 488 tantuin
1709 452 1822 499 bibit,
1842 462 1883 490 ut

282 519 361 543 non
379 507 558 543 abstinere
579 518 744 553 unquam
770 505 864 542 velle
885 517 1081 555 putaretur.
1107 507 1167 543 Ab
1189 521 1233 543 eo
1259 519 1424 557 tempore
1451 509 1616 557 quotidie
1637 509 1738 546 bibit.

751 623 924 667 DUO
970 624 1408 668 FALCONES.

354 733 425 768 Ao.
454 744 552 780 179¹:
574 738 668 768 circa
682 732 997 768 Waslenhemiam
1015 734 1176 770 Alsatiae
1197 741 1338 781 vicum,
1366 748 1411 769 ex
1427 734 1516 770 nido
1541 733 1675 769 eodem
1689 741 1825 771 exemti
1849 745 1886 772 et

278 791 398 826 medio
415 791 580 837 Augusto
597 795 666 825 vivi
684 790 771 824 mihi
792 798 996 827 transmissi.

350 850 555 883 Buteonem
573 860 649 882 esse
673 860 719 882 ex
738 847 864 882 colore
883 859 919 884 et
936 848 1063 884 habitu
1083 849 1239 895 judicavi
1255 875 1264 893 ,
1290 857 1392 882 tanto
1413 852 1526 894 magis
1547 847 1647 894 quod
1665 853 1884 882 continuum

278 906 352 941 fere
369 903 561 953 querulum
577 903 753 949 ejulatum
769 904 941 950 ederent,
961 905 1110 954 qualem
1124 907 1241 940 Lina.
1255 911 1293 939 in
1307 906 1434 939 Fazm.
1451 903 1562 939 Suec.
1579 904 1689 951 pullis
1702 904 1883 939 adscribit.

352 961 442 995 Alui
469 960 604 1008 hepate
627 959 791 1005 bovillo,
829 962 930 1008 quod
956 973 1079 997 tamen
1101 962 1327 1010 quandoque
1358 971 1475 995 rostro
1503 961 1691 1006 disjectam
1717 974 1885 1010 respuere

279 1018 503 1055 videbantur.

351 1076 474 1109 Primo
500 1073 722 1121 Septembris
742 1079 780 1107 in
799 1083 964 1108 mentem
986 1080 1085 1110 venit
1104 1073 1181 1108 filio
1202 1085 1336 1120 aquam
1357 1072 1429 1107 illis
1454 1078 1493 1106 in
1521 1072 1669 1108 vasculo
1692 1073 1883 1121 praebere,

279 1142 316 1167 et
338 1131 507 1166 biberunt
529 1136 799 1178 copiosissime,
827 1137 958 1179 partim
976 1140 1093 1165 rostro
1114 1141 1231 1177 aquae
1248 1134 1423 1163 continuo
1444 1134 1605 1165 immisso
1627 1135 1760 1176 partim
1776 1130 1883 1165 recli-

278 1199 367 1224 nato
392 1194 509 1235 capite
533 1186 687 1221 aliarum
701 1193 822 1222 avium
838 1199 950 1221 more.

353 1244 489 1278 Colore
504 1271 512 1287 ,
539 1253 682 1291 praeter
698 1243 990 1289 magnitudinem
1009 1242 1101 1277 adeo
1123 1241 1341 1276 disserebant
1353 1268 1362 1285 ‚
1388 1250 1429 1275 ut
1447 1250 1646 1288 antequam
1660 1241 1834 1277 edocerer
1847 1248 1885 1277 in

278 1300 412 1336 eodem
429 1300 518 1334 nido
539 1299 738 1347 prehensos
756 1311 833 1334 esse
848 1327 856 1343 ⁷
884 1299 973 1334 duas
998 1299 1154 1334 diversas
1173 1304 1311 1347 species
1324 1297 1521 1332 crederem.

351 1358 493 1390 Minor
507 1358 650 1400 fiiscus
681 1366 776 1399 erat,
813 1358 948 1401 major
965 1357 1231 1399 ferrugineus.
1261 1357 1424 1399 Uterque
1454 1353 1554 1387 haud
1580 1366 1687 1399 aegre
1720 1361 1819 1401 tangi
1850 1366 1886 1391 et

279 1411 419 1460 palpari
438 1423 475 1445 se
497 1410 648 1444 sinebat.
676 1410 713 1443 Si
734 1410 821 1456 quid
835 1437 843 1453 ,
871 1415 981 1444 etiam
1002 1410 1148 1454 majoris
1170 1407 1297 1451 molis,
1326 1420 1356 1442 e.
1381 1420 1413 1454 g.
1435 1407 1574 1442 arboris
1594 1407 1740 1443 frondes
1755 1437 1764 1454 ⁷
1791 1411 1883 1456 obji-

280 1479 442 1512 ceretur,
470 1479 547 1501 non
566 1465 780 1501 metuebant
799 1475 860 1500 aut
879 1478 915 1500 se
934 1464 1188 1500 subducebant
1204 1492 1212 1508 ,
1238 1464 1302 1498 sed
1321 1463 1494 1498 audacter
1511 1464 1773 1512 adspiciebant.

351 1523 547 1567 Postridie,
575 1535 685 1571 quam
703 1536 796 1570 aqua
815 1521 977 1570 praebita
1000 1520 1116 1556 fuerat
1132 1549 1140 1565 ‚
1166 1526 1288 1555 minor
1314 1529 1479 1555 mortuus
1508 1530 1570 1555 est.
1600 1523 1668 1555 Hic
1691 1528 1885 1571 praecipue

280 1581 427 1617 amabat
446 1586 565 1628 potius
583 1579 649 1614 sub
674 1579 736 1614 diu
754 1592 865 1627 quam
887 1577 954 1614 sub
974 1587 1071 1613 tecto
1087 1577 1227 1625 degere.
1254 1579 1342 1624 Ejus
1365 1587 1581 1625 sequentem
1601 1577 1885 1626 descriptionem

281 1643 508 1673 concinnavi.

356 1695 451 1728 Cera
472 1693 665 1742 pedesque
688 1692 778 1727 flavi.
806 1695 879 1727 Iris
900 1692 1007 1727 fusca.
1035 1691 1275 1727 Denciczclus
1288 1697 1394 1726 rostri
1408 1691 1553 1735 nullus;
1577 1704 1624 1725 ne
1642 1692 1883 1740 quidemulla

281 1757 477 1786 eminentia
510 1760 572 1785 aut
593 1762 774 1785 convexus
799 1762 936 1796 margo.
968 1749 1099 1785 ,Nares
1129 1748 1282 1783 lineares
1307 1748 1460 1796 oblique
1485 1758 1681 1783 retrorsum
1705 1759 1740 1784 et
1763 1762 1883 1785 versus

281 1807 447 1843 inferiora
472 1807 610 1842 ductae.

354 1864 583 1910 Longicndo
599 1863 643 1898 ad
657 1873 838 1898 extremos
854 1862 966 1910 pedes
985 1861 1198 1909 quindecim
1217 1861 1421 1909 pollicum,
1440 1861 1487 1896 ad
1508 1871 1708 1896 extremam
1729 1862 1884 1898 caudam

284 1921 492 1956 octodecim
508 1920 696 1968 pollicum.
724 1918 963 1966 Amplitudo
981 1917 1124 1952 volatus
1146 1923 1253 1952 trium
1272 1918 1410 1966 pedum
1434 1928 1470 1952 et
1490 1927 1648 1965 quatuor
1668 1918 1859 1966 pollicum.

357 1980 504 2025 Capias
520 1990 677 2023 pennae
701 1975 947 2019 lanceolatae,
976 1974 1125 2008 dimidia
1142 1985 1243 2021 parte
1265 1975 1435 2010 inferiore
1453 1974 1577 2019 albae,
1605 1981 1789 2023 superiore
1809 1975 1883 2009 sus-

283 2047 355 2069 cae.
384 2034 528 2082 Reliqui
556 2039 716 2081 corporis
748 2033 881 2067 eodem
911 2030 1060 2076 colore,
1087 2030 1149 2065 sed
1181 2036 1299 2065 minus
1328 2031 1582 2076 lanceolatae,
1616 2043 1740 2067 verum
1768 2036 1883 2078 magis

283 2091 446 2125 obtusae.

355 2149 568 2194 Remigzcm
599 2152 701 2181 tertia
731 2146 952 2192 longissima.
988 2146 1078 2180 Tres
1107 2150 1244 2193 primae
1272 2150 1527 2192 emarginatae.
1552 2145 1660 2178 Duae
1692 2154 1884 2192 sequentes

284 2204 606 2251 subeniarginatae.
632 2204 807 2252 Reliquae
835 2209 1098 2249 integerrimae.
1127 2203 1263 2237 Omnes
1281 2202 1406 2236 subtus
1427 2207 1588 2249 margine
1609 2207 1752 2250 postico
1772 2201 1857 2236 albo
1871 2228 1881 2245 ‚

1843 2266 1883 2292 ut
