2054 2748
245 170 328 220 214
636 166 1128 202 OBSERVATIONES
1161 165 1538 195 zooLOGmAE.

243 262 367 298 medio
396 265 510 308 magis
536 258 676 301 fuscae,
703 254 843 290 ambitu
871 252 980 287 latius
1005 263 1115 300 quam
1142 255 1180 284 in
1208 248 1427 297 primoribus
1454 246 1850 282 lutescente-albidae.

243 321 364 355 Prima
390 316 631 368 praecedente
653 319 779 362 quinta
800 309 1014 345 secundaria
1034 308 1131 343 linea
1150 307 1223 346 sere
1244 306 1403 353 longior,
1422 317 1579 353 sequens
1594 303 1734 340 duabus
1748 303 1853 338 lineis

243 379 387 414 brevior
405 373 670 424 praecedente,
695 378 879 417 postrema
898 371 1002 402 citius
1025 365 1240 400 decrescens
1262 372 1298 399 et
1322 362 1437 399 tribus
1457 361 1564 398 lineis
1587 362 1729 397 brevior
1747 372 1853 409 prae-

245 436 412 471 cedente.

319 490 466 526 Canclae
487 482 681 532 longitudo
703 481 750 516 ab
765 486 840 516 imo
862 485 1041 529 uropygio
1061 479 1243 514 linearum
1259 483 1387 526 viginti
1411 482 1537 521 unius,
1557 486 1594 511 et
1612 479 1853 524 proportione

245 544 306 585 vix
327 549 474 594 longior
491 554 601 590 quam
621 546 659 574 in
679 538 911 586 troglodyte‚
930 547 970 572 ut
988 536 1035 572 ab
1053 542 1158 572 initio
1175 536 1251 571 fere
1272 534 1491 570 crediderim
1507 531 1760 581 imperfectam
1779 542 1855 564 esse

246 619 315 641 nec
339 604 543 653 plenarium
565 604 834 632 incrementum
857 594 1038 642 adeptam.
1065 593 1212 628 Rectrix
1234 598 1370 628 extima
1389 591 1504 626 tribus
1521 590 1625 625 lineis
1645 601 1730 624 cum
1749 587 1856 622 dimi-

247 664 307 699 dia
332 668 367 696 in
390 656 609 705 complicata
632 653 749 688 cauda
773 652 919 687 brevior
936 661 989 685 est
1009 649 1141 684 media.
1179 650 1317 685 Omnes
1343 658 1428 684 sunt
1451 653 1704 690 acuminatae,
1729 644 1854 679 medio

245 719 386 762 fuscae,
407 719 569 761 margine
590 711 968 753 brunneo-cinereae,
994 713 1033 741 in
1055 712 1192 742 extima
1214 706 1407 755 pallidius,
1427 715 1468 741 ut
1488 716 1615 751 margo
1637 702 1712 738 fere
1732 707 1777 737 sit
1801 700 1856 736 al-

245 776 359 812 bidus.

319 832 423 866 Tarsi
449 831 737 864 carneo-cinerei
752 855 761 871 ,
785 824 1018 873 longitudine
1038 823 1169 858 decem
1187 821 1378 857 linearum.

316 890 460 923 Vocem
479 886 622 922 nullam
647 884 778 920 audivi.
806 884 938 931 Neque
965 890 1042 916 erat
1065 879 1242 916 cantandi
1260 878 1374 914 locus.

559 1006 840 1052 PIPRA'?
878 1003 1337 1048 EUROPAEA.
1383 1000 1548 1044 Nobis.

318 1110 448 1155 Nigra
463 1134 472 1148 ,
489 1105 597 1154 pileo
616 1104 831 1151 subtusque
852 1102 973 1144 alba,
992 1101 1128 1136 cauda
1142 1099 1363 1147 forficaca,
1384 1097 1608 1134 rectricibus
1624 1096 1860 1133 lateralibus

247 1164 491 1202 brevioribus
506 1190 515 1204 ‚
539 1163 722 1208 margine
746 1162 938 1194 exteriore
961 1157 1075 1192 albis.

318 1223 451 1257 Rostro
471 1232 555 1254 sane
577 1230 697 1265 neque
718 1215 896 1263 fringilla‚
915 1226 1037 1262 neque
1056 1212 1268 1258 motacilla,
1288 1224 1409 1260 neque
1424 1224 1531 1260 parus
1547 1224 1554 1247 :
1579 1211 1643 1247 sed
1658 1223 1742 1247 cum
1756 1216 1861 1260 pipra

245 1289 405 1315 rostrum
424 1282 538 1324 magis
562 1280 745 1310 convenit.
774 1274 863 1307 Non
886 1282 1011 1306 autem
1038 1269 1214 1319 pedibus,
1239 1275 1302 1318 qui
1322 1282 1400 1303 non
1423 1279 1508 1304 sunt
1530 1274 1706 1316 gressorii.
1735 1268 1862 1303 Gauda

246 1336 434 1378 foi-ficata,
460 1339 596 1368 extima
620 1337 771 1366 rectrice
792 1329 1001 1364 brevissima
1017 1356 1025 1372 ‚
1053 1327 1257 1375 penultima
1278 1326 1398 1373 brevi,
1415 1332 1520 1362 tertia
1539 1326 1726 1373 longiore,
1747 1324 1862 1360 tribus

246 1393 302 1427 his
327 1396 491 1437 margine
516 1394 696 1423 exteriore
720 1386 813 1420 albis
828 1413 836 1429 ‚
859 1385 923 1418 sed
944 1384 1131 1417 obscurius
1153 1389 1190 1416 in
1215 1389 1329 1417 tertia.

323 1447 467 1482 Statura
489 1443 701 1479 motacillae
724 1439 882 1476 trochili.
910 1439 1028 1474 Pedes
1048 1437 1242 1472 altiusculi.

321 1505 455 1551 Reperi
492 1512 593 1548 ¹79¹·
621 1499 745 1543 Julio,
777 1503 815 1532 in
847 1495 995 1531 officina
1026 1493 1350 1530 Delachenaliana
1383 1494 1569 1540 Bassseae,
1603 1493 1667 1529 ubi
1698 1500 1864 1543 provisor

248 1561 456 1597 Schmidins
485 1557 610 1593 avibus
638 1554 897 1604 praeparandis
923 1552 1136 1588 delectatur.
1176 1553 1342 1586 Venator
1374 1551 1524 1599 quidam
1552 1557 1615 1599 qui
1641 1551 1758 1586 adfuit
1784 1557 1864 1600 pari

249 1624 409 1669 speciem
434 1629 509 1650 esse
530 1615 645 1659 dixit,
671 1623 707 1648 et
731 1619 769 1647 iu
797 1611 902 1657 sylvis
930 1615 1114 1644 montium
1142 1614 1299 1657 reperiri.
1338 1607 1489 1656 Saepius
1518 1618 1646 1656 postea
1672 1618 1713 1643 ut
1737 1608 1861 1643 denuo

249 1683 451 1712 mitteretur
475 1671 616 1707 avicula
641 1675 737 1718 petii.
770 1667 985 1716 Aliquando
1011 1678 1227 1714 responsum
1253 1675 1307 1700 est
1323 1693 1332 1711 ,
1364 1677 1569 1713 aucupem,
1596 1676 1710 1713 quum
1732 1665 1863 1700 nidum

249 1732 383 1770 tollere
402 1729 533 1773 vellet,
558 1728 734 1762 decidisse
754 1736 791 1760 et
814 1737 894 1759 crus
915 1723 1071 1771 fregisse.

323 1790 438 1835 Regio
468 1785 663 1820 oculorum
685 1782 802 1826 fulva,
832 1787 942 1816 eiiam
964 1787 1003 1815 in
1030 1786 1139 1814 icone
1168 1785 1266 1827 picta
1290 1791 1480 1827 expressa,
1508 1784 1631 1814 nescio
1655 1791 1702 1813 an
1724 1784 1761 1813 in
1784 1785 1863 1815 viva

252 1845 392 1882 avicula
413 1843 528 1887 adsit,
555 1855 601 1876 an
625 1854 645 1875 a
669 1840 766 1874 mala
791 1837 969 1873 farciendi
988 1842 1128 1871 ratione
1154 1841 1294 1881 veniat,
1318 1835 1476 1884 plumis,
1495 1835 1542 1870 ab
1561 1834 1686 1883 aliquo
1706 1834 1861 1871 infarcto

251 1909 289 1939 in
310 1907 473 1937 cranium
492 1911 646 1946 corpore
667 1896 834 1932 colorem
854 1894 962 1930 illum
984 1891 1272 1927 extrahentibus.

325 1959 495 2003 Rennges
519 1954 754 1989 secundariae
780 1958 890 1988 etiam
913 1955 1077 1997 margine
1103 1954 1287 1983 anteriore
1316 1947 1446 1994 albae,
1475 1959 1520 1983 eo
1544 1946 1651 1984 latius
1674 1957 1711 1985 et
1733 1947 1863 1985 clarius

254 2027 327 2064 quo
348 2018 460 2061 magis
479 2022 563 2047 sunt
586 2017 804 2059 posteriores
827 2009 1013 2056 dorsoque
1032 2011 1234 2041 viciniores.

327 2070 365 2106 Si
388 2081 525 2106 novum
551 2082 663 2116 genus
685 2077 888 2111 mereatur,
911 2063 1156 2112 Aegiclzalos
1177 2067 1300 2100 vocari
1321 2067 1468 2110 poterit.
