2054 2748
286 136 369 186 274
658 136 1107 170 OBSERVATIONES
1142 136 1509 166 ZOOLOGICAE.

284 226 488 276 quidquam
507 225 553 260 de
575 224 755 260 lumbrico
775 223 948 270 illiusque
967 220 1126 256 frustulis
1142 218 1372 255 moventibus
1395 229 1431 254 et
1449 218 1575 254 vividis
1595 224 1801 266 tetigerunt.
1829 220 1894 254 Ju-

285 284 364 319 lum
383 282 662 330 complanatum
689 291 774 315 ante
802 291 842 313 os
871 284 1067 326 praeterire
1093 277 1199 321 vidit,
1227 287 1263 311 et
1284 276 1515 324 negligenter
1535 275 1698 323 linguam
1721 276 1896 323 projecit,

285 347 363 376 sine
392 339 549 384 affectu,
573 344 673 387 quasi
699 345 898 371 voraturus.
926 337 1024 370 Tum
1043 335 1136 370 illud
1159 341 1340 369 insectum
1360 333 1505 380 longius
1524 333 1759 381 progrediens
1780 332 1896 366 oculis
1942 348 1951 353 ·

286 408 322 433 et
337 407 507 446 porrecto
525 402 634 430 etiam
650 405 804 441 corpore
818 402 1063 441 prosequutus
1081 402 1150 437 est,
1166 397 1268 440 quasi
1280 395 1420 425 curiose
1433 395 1646 424 examinans
1659 418 1667 434 ,
1689 402 1758 424 nec
1772 399 1897 424 tamen

286 460 423 503 tetigit,
444 461 587 488 oniscos
605 461 730 485 autem
749 450 896 485 oblatos
914 455 1061 486 voravit.
1089 451 1210 483 Etiam
1230 448 1363 483 eodem
1385 447 1443 481 die
1464 456 1579 482 terrae
1595 458 1705 494 quam
1719 445 1898 480 laxiorem

286 512 518 547 reddideram
542 508 774 555 retrogradus
796 517 950 555 uterque
969 519 1007 541 se
1027 511 1195 552 inseruit,
1221 514 1401 554 quantum
1420 509 1561 552 potuit,
1580 512 1621 538 ut
1642 513 1767 538 tamen
1789 502 1896 537 dimi-

287 569 390 605 dium
413 579 543 615 corpus
565 565 686 600 adhuc
707 570 894 600 emineret.

359 627 407 659 D⁴
432 638 482 658 10.
504 622 608 658 Febr.
634 621 725 657 Bufo
749 627 889 666 minor,
919 620 1114 665 tumidior,
1139 619 1317 664 humens,
1344 618 1497 653 maculIs
1521 617 1637 652 rubris
1665 615 1898 652 vividioribus

286 686 475 730 apparuit,
501 690 698 728 postquam
716 679 904 727 hucusque
923 678 1129 726 superficiei
1148 687 1264 712 terrae
1282 687 1471 724 appressus
1490 676 1659 720 jacuerat.
1687 674 1773 707 Post
1792 677 1899 707 meri-

287 740 384 775 diem
404 738 527 773 denuo
555 737 694 771 cubans
716 747 757 771 ut
776 746 862 771 ante
888 735 1058 771 colorum
1084 734 1301 770 vividiorum
1328 732 1420 767 nihil
1448 731 1520 766 fere
1548 729 1704 777 amplius
1728 728 1898 764 ostendit.

288 798 452 843 Uterque
481 804 564 843 post
591 794 681 828 haec
710 804 826 828 terrae
850 805 1041 842 appressus
1066 793 1200 838 jacuit,
1234 796 1356 824 minor
1380 788 1534 825 vividior
1559 792 1750 834 apparuit,
1780 795 1818 820 et
1834 785 1901 820 ali-

287 852 437 900 quando
453 863 606 900 parvum
625 856 794 885 oniscum
811 855 958 886 voravit.

358 909 408 943 D.
429 911 459 944 5.
480 909 587 942 Mart.
607 917 760 955 uterque
779 913 816 941 in
838 906 949 955 pedes
969 915 1133 950 erectus,
1154 903 1363 947 coloratus,
1382 902 1549 936 humens.
1579 901 1704 934 Minor
1722 903 1901 942 oniscum,

286 977 398 1013 quem
419 971 578 1012 primum
596 964 821 1010 negligenter
836 965 1000 1010 projecta
1015 962 1138 1008 lingua
1154 969 1376 1003 tentaverat,
1396 968 1523 1005 postea
1540 968 1646 991 cursu
1659 964 1903 1003 prosequutus

288 1021 432 1068 liguriit.
461 1023 565 1054 Circa
587 1020 751 1053 medium
772 1020 944 1053 Martium
973 1029 1088 1065 quum
1108 1021 1231 1049 omnia
1255 1014 1341 1062 gelu
1360 1019 1555 1048 constricta
1582 1021 1722 1055 essent,
1748 1021 1902 1058 uterque

287 1083 468 1111 continuo
485 1081 523 1108 iu
548 1075 739 1122 superficie
760 1084 875 1108 terrae
888 1079 981 1107 visus
994 1099 1002 1115 ,
1024 1084 1117 1118 quae
1136 1077 1264 1117 utique
1286 1071 1507 1113 induratior,
1527 1081 1604 1102 non
1625 1068 1775 1115 quidem
1794 1067 1880 1114 gelu
1894 1094 1902 1110 ,

287 1132 365 1167 fuit.
395 1133 473 1166 Diu
500 1140 720 1165 manserunt.
757 1128 935 1164 Relaxata
967 1137 1085 1162 terrae
1115 1124 1306 1174 superficie
1330 1134 1366 1159 et
1391 1124 1602 1159 humectata
1621 1135 1659 1158 se
1685 1136 1814 1171 parum
1840 1123 1903 1158 ab-

288 1188 564 1224 scondiderunt.

365 1247 494 1280 Primis
514 1243 650 1291 Aprilis
675 1242 804 1278 diebus
831 1247 954 1276 minor
973 1239 1101 1275 colore
1128 1239 1238 1274 rubro
1264 1239 1384 1275 vivido
1400 1266 1409 1284 ‚
1435 1239 1554 1284 major
1573 1242 1717 1286 pinguis
1737 1236 1899 1282 inflatus,

289 1312 327 1337 et
346 1301 581 1336 mediocriter
600 1299 796 1335 coloratus,
824 1299 958 1334 Iisdem
981 1297 1109 1332 diebus
1125 1303 1271 1332 oniscos
1286 1295 1429 1344 aliquot
1443 1305 1480 1330 et
1494 1294 1781 1342 scolopendram
1799 1306 1905 1329 vora-

290 1369 400 1394 verat.
428 1359 532 1392 Dum
551 1357 619 1391 sub
640 1367 732 1392 terra
755 1368 831 1390 non
850 1354 1008 1398 latebat,
1033 1364 1148 1388 noctu
1169 1354 1255 1399 vigil
1275 1362 1351 1387 erat
1371 1362 1407 1386 et
1429 1351 1545 1386 oculis
1564 1356 1705 1398 apertis.

363 1415 413 1449 D.
441 1427 491 1448 ιο.
514 1414 601 1460 Apr.
630 1413 745 1448 larvas
773 1411 847 1446 fere
877 1410 1008 1444 decem
1032 1408 1328 1456 phryganearum
1351 1409 1532 1454 projectas
1561 1417 1688 1440 omnes
1714 1405 1905 1441 devoratas

292 1471 404 1520 paulo
424 1480 506 1518 post
526 1474 653 1517 reperi.

365 1529 415 1563 D.
443 1542 453 1561 1
468 1542 493 1561 1.
515 1527 602 1573 Apr.
622 1525 740 1570 major
759 1530 894 1567 nitens,
917 1522 1186 1565 subvtrescens,
1207 1529 1405 1555 unctuosus
1423 1518 1497 1553 fere
1519 1528 1703 1567 repertus;
1727 1528 1763 1554 et
1783 1517 1904 1554 media

293 1584 364 1619 fere
386 1593 495 1617 nocte
516 1583 670 1616 humens
690 1590 725 1614 et
741 1579 893 1614 clariore
910 1578 1036 1614 colore
1059 1590 1169 1626 quam
1189 1589 1378 1624 nunquam
1394 1586 1514 1611 antea.

365 1641 415 1675 D.
436 1653 485 1675 12.
505 1640 592 1686 Apr.
610 1650 719 1672 mane
737 1636 858 1671 adhuc
880 1635 1188 1679 coloratissimus,
1213 1633 1378 1677 inflatus,
1399 1632 1464 1667 sed
1487 1638 1612 1667 siccus.

366 1698 415 1732 D.
442 1707 492 1737 η.
510 1697 595 1743 Apr.
617 1705 725 1729 mane
744 1693 866 1728 adhuc
885 1691 1070 1727 coloratus
1083 1718 1092 1734 ‚
1116 1691 1261 1726 inflatus
1274 1718 1282 1734 ,
1312 1689 1466 1738 pedibus
1490 1694 1646 1724 extensis
1675 1693 1805 1736 parieti
1824 1693 1906 1723 vitri

294 1753 516 1801 applicatus;
532 1765 579 1787 an
594 1752 687 1786 forte
702 1749 903 1786 scandendi
918 1750 1026 1784 nisu?
1047 1759 1083 1784 et
1096 1748 1199 1797 quod
1218 1752 1316 1782 exire
1338 1756 1456 1781 tentet
1474 1751 1687 1794 sociamque
1706 1744 1906 1793 quaerere?

294 1813 434 1847 Mansit
452 1820 603 1858 uterque
623 1814 659 1843 in
680 1807 870 1856 superficie
891 1817 1007 1842 terrae
1028 1805 1216 1853 frugaliter
1231 1810 1368 1839 interea
1384 1808 1539 1838 nutritus
1558 1814 1673 1850 usque
1695 1807 1733 1836 in
1749 1808 1803 1843 24.
1818 1801 1905 1849 Apr.

294 1867 357 1901 ubi
381 1873 429 1901 ita
448 1879 485 1900 se
504 1866 744 1909 defoderunt,
768 1874 807 1899 ut
827 1863 920 1898 nihil
939 1871 1151 1911 appareret,
1174 1874 1252 1895 non
1273 1871 1396 1895 tamen
1420 1859 1612 1908 profunde.

367 1925 416 1958 D.
439 1924 597 1971 26.pr1·.
619 1934 728 1958 mane
748 1934 878 1969 parvus
904 1919 992 1955 bufo
1016 1919 1183 1963 inflatus,
1210 1917 1401 1963 humidus,
1425 1916 1557 1952 rubens
1580 1920 1758 1964 apparuit.
1786 1915 1907 1959 Major

297 1980 544 2015 absconditus.

370 2038 420 2071 D.
442 2052 467 2072 1.
489 2038 576 2081 Maj.
593 2046 744 2083 uterque
763 2034 889 2070 adfuit.
918 2034 1065 2082 Aquam
1083 2032 1199 2081 pridie
1221 2030 1432 2066 affuderam.

370 2097 420 2130 D.
441 2107 473 2129 2.
495 2094 582 2139 Maj.
605 2104 738 2129 terram
760 2097 862 2141 quasi
881 2091 1015 2126 fossam
1035 2100 1072 2126 et
1094 2089 1215 2124 laxam
1241 2093 1279 2122 in
1300 2088 1490 2136 superficie
1514 2091 1666 2135 reperio.
1694 2084 1828 2120 Nullus
1842 2097 1905 2132 ap-

298 2161 410 2199 paret.

371 2208 421 2242 D.
445 2214 475 2249 4.
492 2207 580 2254 Maj.
596 2219 724 2254 parvus
741 2206 862 2250 adest7
887 2205 1013 2242 colore
1031 2202 1259 2239 macularum
1274 2200 1401 2250 pulcre
1416 2198 1536 2235 rubro„
