2054 2748
820 166 1211 196 MAMMALIA.
1760 173 1814 214 27

215 252 397 297 cruribus,
436 257 534 287 canis
563 259 748 298 vertagus‚
776 249 831 297 (le
845 249 998 296 Basset.)
1028 252 1121 284 Cum
1146 261 1237 285 cane
1255 248 1363 285 zerda
1388 249 1548 285 melitaci
1569 265 1676 288 canes
1695 260 1814 302 parvi,

211 309 382 346 auriculis
410 314 561 356 magnis.
600 309 809 355 Rursusque
837 311 1028 344 varietates
1053 307 1147 342 aliae
1175 319 1221 342 ex
1250 319 1341 344 cane
1369 307 1571 343 mesomela
1601 309 1685 345 loco
1717 317 1815 347 aurei

212 380 296 402 cum
316 372 389 401 istis
410 372 625 401 commixtO.

284 424 410 468 Quum
434 429 472 457 in
503 422 627 457 Africa
656 421 797 455 homini
829 425 949 455 minus
973 425 1018 455 sit
1045 426 1200 467 amicus,
1231 432 1266 458 et
1297 422 1466 458 lubenter
1493 434 1577 457 eum
1608 422 1815 471 adoriatur,

212 480 387 515 cadavera
417 486 527 515 etiam
549 479 725 522 humana,
749 489 853 511 more
876 481 975 510 canis
994 482 1114 522 aurei,
1134 477 1296 514 effodere
1319 490 1435 525 amet,
1461 492 1575 528 quum
1594 489 1750 514 rostrum
1772 487 1815 516 sit

211 536 505 584 longiusculum,
544 534 604 582 (ut
634 539 671 568 in
700 546 791 568 cane
820 533 1041 580 mesomela)
1069 544 1105 568 et
1132 534 1237 569 color
1261 535 1365 570 albus
1395 535 1515 584 (quali
1543 536 1669 571 colore
1695 536 1818 572 Africa

211 594 407 628 mustelam
433 592 603 626 furonem
632 590 778 638 genuit)
812 590 1013 638 aliquando
1045 596 1185 638 magnis
1209 591 1361 626 maculis
1388 592 1492 637 rufis,
1531 593 1653 642 (quod
1681 606 1700 628 a
1727 607 1818 629 cane

211 663 321 685 aureo
348 661 533 697 superesse
560 647 749 695 videtur),
776 659 869 695 quae
892 653 1017 682 omnia
1043 647 1089 682 de
1113 647 1181 682 illo
1207 658 1328 682 narrat
1347 648 1483 682 Pois-ec
1509 650 1557 683 Ic.
1580 650 1742 685 Numid.
1775 653 1817 685 in

210 707 391 754 Append.
412 706 545 740 histor.
573 715 702 740 natur.
720 704 811 739 mihi
835 715 938 740 tanto
963 703 1201 741 verosimilius
1223 713 1299 750 est,
1323 716 1454 739 canem
1472 716 1624 739 aureum
1643 717 1719 741 esse
1739 712 1817 741 stir-

209 776 296 812 pem
324 769 553 811 primitivam.

283 823 392 854 Canis
409 819 501 854 ferus
522 825 585 868 qui
603 819 650 854 ad
669 820 971 854 promontorium
991 820 1115 854 Bonae
1135 822 1212 865 spei
1232 828 1398 866 vagatur,
1414 819 1514 863 juxta
1526 818 1820 866 Beschreibzmg

209 877 277 911 des
300 877 463 924 Vorgeb.
484 877 556 910 der
567 885 691 923 gustem
710 875 850 923 Hosftz.
878 889 963 910 cum
982 881 1079 910 notis
1102 874 1316 910 Allemancli
1337 885 1373 910 et
1392 873 1615 919 Klockneri,
1641 877 1696 911 llI.
1712 888 1747 923 p.
1760 877 1817 923 78.

210 934 299 968 mihi
319 933 462 968 videtur
487 945 563 968 esse
586 938 684 968 canis
701 932 929 967 mesomelas.

282 991 371 1024 Post
398 989 555 1034 hyaenas
577 998 612 1023 et
640 1000 748 1023 canes
771 988 1044 1023 mesomelanos
1070 992 1266 1036 praecipue
1291 999 1397 1022 canes
1421 987 1515 1022 feros
1539 997 1716 1036 tanquam
1741 1000 1818 1023 ma-

208 1052 347 1081 ximam
372 1057 524 1093 gregum
549 1044 799 1081 calamitatem
823 1050 992 1080 nominat
1019 1044 1211 1080 Vaillanc
1232 1044 1379 1079 second
1398 1057 1558 1093 voyage
1576 1058 1625 1080 en
1645 1045 1818 1093 Afrique

206 1117 243 1151 p.
272 1104 347 1139 183.

282 1163 424 1195 Canem
445 1172 612 1198 nostrum
631 1175 652 1199 a
670 1175 761 1199 cane
782 1176 893 1200 aureo
915 1163 1139 1200 descendere
1165 1169 1275 1199 etiam
1294 1162 1381 1198 inde
1400 1161 1493 1197 milii
1513 1160 1705 1210 probabile
1719 1159 1819 1196 vide-

207 1225 284 1261 tur,
311 1218 413 1265 quod
440 1217 600 1264 foetida,
626 1220 843 1255 cadaverosa
868 1221 962 1255 adeo
985 1230 1092 1255 amet.
1127 1222 1216 1255 Mea
1239 1219 1405 1254 canicula
1442 1220 1506 1265 (ex
1529 1218 1600 1252 illis
1622 1229 1715 1264 quae
1735 1215 1818 1251 Buf-

207 1271 310 1307 fonio
330 1274 505 1319 Pyram&
524 1276 698 1322 audiunt)
727 1276 826 1310 haud
846 1276 960 1309 semel
982 1281 1063 1310 visis
1086 1281 1329 1309 excrementis
1355 1275 1520 1307 humanis
1542 1280 1581 1306 in
1605 1273 1753 1306 dorsum
1779 1283 1819 1306 se

208 1329 442 1373 conjiciendo
466 1336 504 1364 in
529 1330 600 1365 illis
623 1344 660 1365 se
686 1331 873 1366 volutavit.
905 1330 1067 1374 (Multos
1083 1358 1090 1372 ,
1110 1340 1146 1364 et
1167 1335 1363 1375 praecipue
1384 1328 1465 1362 illas
1488 1333 1699 1370 varietath
1725 1339 1819 1374 quae

205 1396 227 1419 a
246 1383 404 1430 vulpinis
427 1382 584 1427 abeunt,
611 1382 710 1416 idem
737 1381 854 1416 facere
876 1381 979 1427 vidi.)
1009 1383 1097 1426 Ejus
1121 1381 1216 1415 filius
1241 1383 1340 1416 idem
1360 1382 1446 1416 fecit
1467 1395 1580 1430 quum
1600 1394 1685 1418 ante
1706 1384 1819 1419 offici-

205 1452 294 1474 nam
313 1444 455 1474 coriarii
475 1439 632 1487 plurima
653 1451 791 1473 cornua
810 1451 830 1473 a
849 1437 1009 1487 pellibus
1026 1436 1171 1473 bovillis
1186 1436 1310 1472 avulsa
1326 1437 1510 1472 cumulata
1532 1449 1567 1473 et
1583 1438 1658 1473 basi
1678 1449 1818 1487 putres-

206 1501 328 1531 centia
342 1501 580 1543 conspiceret.
605 1495 745 1543 Vulpes
764 1508 841 1530 non
856 1500 923 1530 nisi
942 1494 1038 1529 fame
1060 1504 1208 1529 coactus
1229 1493 1405 1531 cadavera
1428 1494 1647 1543 adgreditur.
1678 1496 1817 1543 (Idem-

206 1563 279 1600 que
302 1557 339 1586 in
361 1552 510 1587 canibus
528 1565 549 1588 a
565 1552 675 1600 vulpe
695 1551 857 1587 oriundis
877 1550 1097 1598 observavi.)

281 1608 395 1643 Color
414 1609 573 1645 diversus
592 1615 630 1644 111
648 1609 798 1644 canibus
813 1619 957 1657 praeter
970 1607 1058 1642 alias
1073 1620 1197 1643 causas
1211 1636 1219 1653 ‚
1235 1614 1345 1644 etiam
1364 1608 1451 1644 inde
1470 1614 1593 1645 venire
1608 1622 1714 1658 posse
1728 1610 1818 1645 mihi

205 1665 367 1710 videtur,
387 1672 511 1713 prouti
529 1666 621 1701 alius
641 1665 776 1700 coloris
797 1666 951 1714 (speciei
970 1674 1032 1699 aut
1051 1665 1252 1712 varietatis)
1278 1665 1405 1714 vulpes
1428 1672 1500 1702 sive
1527 1679 1610 1702 cum
1634 1680 1725 1702 cane
1754 1680 1818 1702 au-

205 1734 268 1756 reo
292 1728 364 1757 sive
390 1722 478 1770 lupo
503 1733 570 1758 etc.
601 1722 647 1757 ab
667 1722 818 1757 homine
841 1721 1034 1770 copulatus
1059 1731 1122 1757 est.

278 1779 550 1826 Argumentum
577 1791 644 1827 pro
673 1784 772 1814 canis
803 1784 943 1826 origine
973 1791 993 1812 a
1025 1790 1116 1812 cane
1144 1791 1255 1814 aureo
1290 1785 1401 1816 etiam
1426 1780 1520 1816 illud
1544 1781 1634 1816 mihi
1662 1781 1816 1826 videtur,

205 1835 310 1884 quod
329 1848 437 1870 canes
456 1841 494 1870 in
510 1835 632 1871 Sei-via
653 1835 827 1870 cadavera
846 1834 1009 1870 humana
1033 1835 1278 1882 negligentius
1301 1837 1444 1885 sepulta
1463 1838 1640 1873 effodiant
1657 1848 1692 1873 et
1708 1838 1817 1873 devo-

206 1902 311 1938 rent,
337 1892 438 1940 quod
466 1892 549 1940 lego
571 1898 609 1926 in
633 1893 701 1927 JV
717 1892 754 1927 S.
780 1891 825 1927 G.
840 1892 880 1927 E.
895 1892 1085 1927 Relation
1110 1892 1206 1926 iiber
1224 1893 1289 1928 die
1311 1894 1557 1943 Blucsczzcger
1579 1895 1674 1930 oder
1695 1896 1818 1931 Vam-

206 1962 339 1996 pyren.
372 1949 470 1995 1732.
487 1963 523 1996 p.
544 1963 595 1985 10.
623 1950 671 1984 Et
690 1961 798 1984 canes
818 1954 857 1983 111
879 1954 1085 1984 universum
1107 1949 1233 1984 fodere
1257 1960 1392 1986 amant.

279 2006 336 2040 Le
360 2005 484 2040 Clzc’en
507 2015 591 2041 clarc
613 2015 653 2041 ec
669 2005 817 2041 Gredc'n
831 2034 841 2049 ,
858 2007 1024 2053 Buffon.
1046 2006 1179 2054 Szzppl.
1205 2007 1296 2042 VII.
1313 2007 1391 2042 cab.
1408 2014 1463 2050 40.
1490 2021 1592 2044 aures
1613 2009 1720 2044 habet
1739 2019 1817 2042 am-

206 2061 385 2109 plissimas
417 2061 492 2096 fere
517 2063 565 2098 ad
592 2075 723 2098 canem
750 2063 858 2098 zerda
882 2063 1111 2098 accedentes.
1152 2063 1262 2098 Tales
1283 2064 1358 2098 fere
1385 2065 1512 2100 habuit
1540 2073 1649 2101 etiam
1675 2064 1815 2112 amplas

207 2118 372 2166 latasque
399 2129 435 2154 et
462 2130 600 2154 erectas
620 2119 786 2155 canicula
809 2120 908 2168 apud
935 2133 994 2154 me
1024 2132 1069 2154 ex
1091 2125 1262 2155 varietate
1284 2122 1437 2166 Pyrame
1460 2133 1575 2157 enata.
1604 2121 1686 2155 Vidi
1709 2134 1816 2157 canes

210 2174 301 2208 alios
323 2187 361 2209 se
390 2175 505 2223 duplo
531 2176 717 2224 triploque
745 2182 904 2211 minores
930 2182 1020 2211 inire
1056 2176 1304 2225 copulamque
1334 2179 1515 2226 perficere.
1552 2177 1689 2223 Quidni
1721 2178 1815 2212 adeo

211 2235 310 2265 canis
338 2231 445 2266 zerda
479 2232 700 2269 domesticus
727 2232 843 2271 sactus
869 2243 907 2269 et
940 2232 987 2268 ab
1015 2232 1094 2270 aliis
1115 2232 1360 2274 foecundatas
1387 2248 1408 2271 a
1433 2237 1570 2271 Mauris
1597 2239 1636 2269 in
1659 2234 1817 2271 Maltam

1508 2291 1597 2327 Da
