<?xml version="1.0" encoding="UTF-8"?>
<!DOCTYPE html PUBLIC "-//W3C//DTD XHTML 1.0 Transitional//EN"
    "http://www.w3.org/TR/xhtml1/DTD/xhtml1-transitional.dtd">
<html xmlns="http://www.w3.org/1999/xhtml" xml:lang="en" lang="en">
 <head>
  <title>
</title>
<meta http-equiv="Content-Type" content="text/html;charset=utf-8" />
  <meta name='ocr-system' content='tesseract 3.04.00' />
  <meta name='ocr-capabilities' content='ocr_page ocr_carea ocr_par ocr_line ocrx_word'/>
</head>
<body>
  <div class='ocr_page' id='page_1' title='image "./observationeszoo00herm_0320.png"; bbox 0 0 2054 2748; ppageno 0'>
   <div class='ocr_carea' id='block_1_1' title="bbox 281 112 1553 169">
    <p class='ocr_par' dir='ltr' id='par_1_1' title="bbox 281 112 1553 169">
     <span class='ocr_line' id='line_1_1' title="bbox 281 112 1553 169; baseline 0 -15"><span class='ocrx_word' id='word_1_1' title='bbox 281 112 364 169; x_wconf 75' lang='lat'>516</span> <span class='ocrx_word' id='word_1_2' title='bbox 643 122 1116 156; x_wconf 81' lang='lat' dir='ltr'>OBSERVATIONES</span> <span class='ocrx_word' id='word_1_3' title='bbox 1166 123 1553 156; x_wconf 65' lang='lat' dir='ltr'>zoonoochE.</span> 
     </span>
    </p>
   </div>
   <div class='ocr_carea' id='block_1_2' title="bbox 273 208 1941 1542">
    <p class='ocr_par' dir='ltr' id='par_1_2' title="bbox 282 208 1889 314">
     <span class='ocr_line' id='line_1_2' title="bbox 355 208 1889 258; baseline 0.003 -16"><span class='ocrx_word' id='word_1_4' title='bbox 355 208 418 244; x_wconf 86' lang='lat' dir='ltr'>Ad</span> <span class='ocrx_word' id='word_1_5' title='bbox 445 208 598 257; x_wconf 80' lang='lat' dir='ltr'>clupeae</span> <span class='ocrx_word' id='word_1_6' title='bbox 622 220 735 256; x_wconf 78' lang='lat' dir='ltr'>genus</span> <span class='ocrx_word' id='word_1_7' title='bbox 754 215 938 258; x_wconf 82' lang='lat' dir='ltr'><strong>pertinent</strong></span> <span class='ocrx_word' id='word_1_8' title='bbox 957 214 1108 244; x_wconf 88' lang='lat' dir='ltr'>omnino</span> <span class='ocrx_word' id='word_1_9' title='bbox 1128 208 1296 257; x_wconf 80' lang='lat' dir='ltr'>pisciculi</span> <span class='ocrx_word' id='word_1_10' title='bbox 1321 208 1421 245; x_wconf 82' lang='lat' dir='ltr'>lacus</span> <span class='ocrx_word' id='word_1_11' title='bbox 1449 212 1659 256; x_wconf 77' lang='lat' dir='ltr'>comensis,</span> <span class='ocrx_word' id='word_1_12' title='bbox 1685 209 1889 246; x_wconf 76' lang='lat' dir='ltr'>Mlsolcini</span> 
     </span>
     <span class='ocr_line' id='line_1_3' title="bbox 282 265 965 314; baseline -0.001 -13"><span class='ocrx_word' id='word_1_13' title='bbox 282 265 392 310; x_wconf 83' lang='lat' dir='ltr'>dicti,</span> <span class='ocrx_word' id='word_1_14' title='bbox 415 278 506 314; x_wconf 84' lang='lat' dir='ltr'>quos</span> <span class='ocrx_word' id='word_1_15' title='bbox 524 279 544 300; x_wconf 86' lang='lat' dir='ltr'>a</span> <span class='ocrx_word' id='word_1_16' title='bbox 565 265 805 301; x_wconf 85' lang='lat' dir='ltr'>Scaramuzzo</span> <span class='ocrx_word' id='word_1_17' title='bbox 828 271 965 312; x_wconf 82' lang='lat' dir='ltr'>accepi.</span> 
     </span>
    </p>

    <p class='ocr_par' dir='ltr' id='par_1_3' title="bbox 353 321 1389 366">
     <span class='ocr_line' id='line_1_4' title="bbox 353 321 1389 366; baseline -0.001 -10"><span class='ocrx_word' id='word_1_18' title='bbox 353 322 554 356; x_wconf 84' lang='lat' dir='ltr'>Abdomen</span> <span class='ocrx_word' id='word_1_19' title='bbox 574 334 651 356; x_wconf 86' lang='lat' dir='ltr'>non</span> <span class='ocrx_word' id='word_1_20' title='bbox 673 321 787 355; x_wconf 83' lang='lat' dir='ltr'>modo</span> <span class='ocrx_word' id='word_1_21' title='bbox 808 326 1034 366; x_wconf 75' lang='lat' dir='ltr'>carinatum,</span> <span class='ocrx_word' id='word_1_22' title='bbox 1057 321 1120 357; x_wconf 85' lang='lat' dir='ltr'>sed</span> <span class='ocrx_word' id='word_1_23' title='bbox 1147 332 1183 357; x_wconf 87' lang='lat' dir='ltr'>et</span> <span class='ocrx_word' id='word_1_24' title='bbox 1203 332 1389 357; x_wconf 84' lang='lat' dir='ltr'>serratum.</span> 
     </span>
    </p>

    <p class='ocr_par' dir='ltr' id='par_1_4' title="bbox 354 376 1888 425">
     <span class='ocr_line' id='line_1_5' title="bbox 354 376 1888 425; baseline 0.002 -13"><span class='ocrx_word' id='word_1_25' title='bbox 354 378 573 413; x_wconf 81' lang='lat' dir='ltr'>Nlembrana</span> <span class='ocrx_word' id='word_1_26' title='bbox 589 376 868 424; x_wconf 78' lang='lat' dir='ltr'>branchiostega</span> <span class='ocrx_word' id='word_1_27' title='bbox 885 377 1044 425; x_wconf 81' lang='lat' dir='ltr'>plurium</span> <span class='ocrx_word' id='word_1_28' title='bbox 1057 378 1240 413; x_wconf 80' lang='lat' dir='ltr'>radiorum</span> <span class='ocrx_word' id='word_1_29' title='bbox 1254 407 1262 424; x_wconf 94' lang='lat'>,</span> <span class='ocrx_word' id='word_1_30' title='bbox 1278 379 1337 413; x_wconf 77' lang='lat' dir='ltr'>scd</span> <span class='ocrx_word' id='word_1_31' title='bbox 1352 390 1545 413; x_wconf 83' lang='lat' dir='ltr'>numerum</span> <span class='ocrx_word' id='word_1_32' title='bbox 1559 384 1649 414; x_wconf 85' lang='lat' dir='ltr'>inire</span> <span class='ocrx_word' id='word_1_33' title='bbox 1662 378 1762 415; x_wconf 86' lang='lat' dir='ltr'>haud</span> <span class='ocrx_word' id='word_1_34' title='bbox 1774 380 1888 416; x_wconf 80' lang='lat' dir='ltr'>valeo.</span> 
     </span>
    </p>

    <p class='ocr_par' dir='ltr' id='par_1_5' title="bbox 279 432 1890 651">
     <span class='ocr_line' id='line_1_6' title="bbox 353 432 1888 484; baseline 0.001 -14"><span class='ocrx_word' id='word_1_35' title='bbox 353 436 472 470; x_wconf 87' lang='lat' dir='ltr'>Pinna</span> <span class='ocrx_word' id='word_1_36' title='bbox 501 435 650 482; x_wconf 79' lang='lat' dir='ltr'>adiposa</span> <span class='ocrx_word' id='word_1_37' title='bbox 678 432 790 468; x_wconf 77' lang='lat' dir='ltr'>nulia.</span> <span class='ocrx_word' id='word_1_38' title='bbox 824 435 922 481; x_wconf 83' lang='lat' dir='ltr'>Ergo</span> <span class='ocrx_word' id='word_1_39' title='bbox 951 448 1028 469; x_wconf 86' lang='lat' dir='ltr'>non</span> <span class='ocrx_word' id='word_1_40' title='bbox 1051 435 1180 471; x_wconf 85' lang='lat' dir='ltr'>salmo.</span> <span class='ocrx_word' id='word_1_41' title='bbox 1217 438 1359 482; x_wconf 79' lang='lat' dir='ltr'>Corpus</span> <span class='ocrx_word' id='word_1_42' title='bbox 1377 434 1629 483; x_wconf 69' lang='lat' dir='ltr'>alepidotum‚</span> <span class='ocrx_word' id='word_1_43' title='bbox 1656 447 1888 484; x_wconf 81' lang='lat' dir='ltr'>argenteum,</span> 
     </span>
     <span class='ocr_line' id='line_1_7' title="bbox 280 489 1890 541; baseline 0.001 -15"><span class='ocrx_word' id='word_1_44' title='bbox 280 491 390 526; x_wconf 88' lang='lat' dir='ltr'>dorso</span> <span class='ocrx_word' id='word_1_45' title='bbox 414 491 526 526; x_wconf 77' lang='lat' dir='ltr'>fusco.</span> <span class='ocrx_word' id='word_1_46' title='bbox 553 493 593 524; x_wconf 82' lang='lat' dir='ltr'>In</span> <span class='ocrx_word' id='word_1_47' title='bbox 615 489 783 524; x_wconf 75' lang='lat' dir='ltr'>confiniis</span> <span class='ocrx_word' id='word_1_48' title='bbox 805 490 902 525; x_wconf 72' lang='lat' dir='ltr'>dorsi</span> <span class='ocrx_word' id='word_1_49' title='bbox 927 491 1017 526; x_wconf 84' lang='lat' dir='ltr'>susci</span> <span class='ocrx_word' id='word_1_50' title='bbox 1035 502 1070 527; x_wconf 80' lang='lat' dir='ltr'>et</span> <span class='ocrx_word' id='word_1_51' title='bbox 1092 497 1203 540; x_wconf 80' lang='lat' dir='ltr'>partis</span> <span class='ocrx_word' id='word_1_52' title='bbox 1218 502 1431 539; x_wconf 73' lang='lat' dir='ltr'>argenteae,</span> <span class='ocrx_word' id='word_1_53' title='bbox 1449 492 1615 527; x_wconf 84' lang='lat' dir='ltr'>maculae</span> <span class='ocrx_word' id='word_1_54' title='bbox 1637 493 1890 541; x_wconf 69' lang='lat' dir='ltr'>magnitudine</span> 
     </span>
     <span class='ocr_line' id='line_1_8' title="bbox 279 546 1888 598; baseline 0.001 -15"><span class='ocrx_word' id='word_1_55' title='bbox 279 548 402 594; x_wconf 76' lang='lat' dir='ltr'>lentis,</span> <span class='ocrx_word' id='word_1_56' title='bbox 418 550 518 594; x_wconf 80' lang='lat' dir='ltr'>juxta</span> <span class='ocrx_word' id='word_1_57' title='bbox 538 546 811 594; x_wconf 78' lang='lat' dir='ltr'>longitudinem</span> <span class='ocrx_word' id='word_1_58' title='bbox 833 547 1050 596; x_wconf 73' lang='lat' dir='ltr'>dispositae,</span> <span class='ocrx_word' id='word_1_59' title='bbox 1070 554 1109 583; x_wconf 90' lang='lat' dir='ltr'>in</span> <span class='ocrx_word' id='word_1_60' title='bbox 1123 548 1195 583; x_wconf 87' lang='lat' dir='ltr'>alio</span> <span class='ocrx_word' id='word_1_61' title='bbox 1212 548 1401 584; x_wconf 86' lang='lat' dir='ltr'>individuo</span> <span class='ocrx_word' id='word_1_62' title='bbox 1422 555 1585 598; x_wconf 85' lang='lat' dir='ltr'>quinque</span> <span class='ocrx_word' id='word_1_63' title='bbox 1600 578 1609 595; x_wconf 90' lang='lat'>,</span> <span class='ocrx_word' id='word_1_64' title='bbox 1629 555 1669 584; x_wconf 87' lang='lat' dir='ltr'>in</span> <span class='ocrx_word' id='word_1_65' title='bbox 1687 550 1760 585; x_wconf 85' lang='lat' dir='ltr'>alio</span> <span class='ocrx_word' id='word_1_66' title='bbox 1782 550 1888 596; x_wconf 82' lang='lat' dir='ltr'>duas,</span> 
     </span>
     <span class='ocr_line' id='line_1_9' title="bbox 280 606 712 651; baseline -0.007 -11"><span class='ocrx_word' id='word_1_67' title='bbox 280 611 318 640; x_wconf 87' lang='lat' dir='ltr'>in</span> <span class='ocrx_word' id='word_1_68' title='bbox 339 606 411 640; x_wconf 74' lang='lat' dir='ltr'>alio</span> <span class='ocrx_word' id='word_1_69' title='bbox 431 616 541 638; x_wconf 81' lang='lat' dir='ltr'>unam</span> <span class='ocrx_word' id='word_1_70' title='bbox 561 610 712 651; x_wconf 78' lang='lat' dir='ltr'>reperio.</span> 
     </span>
    </p>

    <p class='ocr_par' dir='ltr' id='par_1_6' title="bbox 279 659 1890 767">
     <span class='ocr_line' id='line_1_10' title="bbox 354 659 1890 710; baseline 0.001 -14"><span class='ocrx_word' id='word_1_71' title='bbox 354 660 478 696; x_wconf 82' lang='lat' dir='ltr'>Gauda</span> <span class='ocrx_word' id='word_1_72' title='bbox 498 673 544 695; x_wconf 84' lang='lat' dir='ltr'>an</span> <span class='ocrx_word' id='word_1_73' title='bbox 565 659 703 695; x_wconf 78' lang='lat' dir='ltr'>bifurca</span> <span class='ocrx_word' id='word_1_74' title='bbox 723 666 790 706; x_wconf 84' lang='lat' dir='ltr'>sit,</span> <span class='ocrx_word' id='word_1_75' title='bbox 814 666 963 709; x_wconf 80' lang='lat' dir='ltr'>ignoro,</span> <span class='ocrx_word' id='word_1_76' title='bbox 985 667 1068 709; x_wconf 82' lang='lat' dir='ltr'>quia</span> <span class='ocrx_word' id='word_1_77' title='bbox 1088 661 1332 697; x_wconf 85' lang='lat' dir='ltr'>semiabscissa</span> <span class='ocrx_word' id='word_1_78' title='bbox 1356 668 1467 710; x_wconf 90' lang='lat' dir='ltr'>pinna</span> <span class='ocrx_word' id='word_1_79' title='bbox 1484 668 1789 698; x_wconf 86' lang='lat' dir='ltr'>transmittuntur.</span> <span class='ocrx_word' id='word_1_80' title='bbox 1815 665 1890 699; x_wconf 84' lang='lat' dir='ltr'>Ne-</span> 
     </span>
     <span class='ocr_line' id='line_1_11' title="bbox 279 716 1887 767; baseline 0.001 -14"><span class='ocrx_word' id='word_1_81' title='bbox 279 731 351 767; x_wconf 85' lang='lat' dir='ltr'>que</span> <span class='ocrx_word' id='word_1_82' title='bbox 362 723 465 766; x_wconf 85' lang='lat' dir='ltr'>potui</span> <span class='ocrx_word' id='word_1_83' title='bbox 481 717 602 752; x_wconf 83' lang='lat' dir='ltr'>radios</span> <span class='ocrx_word' id='word_1_84' title='bbox 617 723 655 751; x_wconf 87' lang='lat' dir='ltr'>in</span> <span class='ocrx_word' id='word_1_85' title='bbox 667 716 743 752; x_wconf 80' lang='lat' dir='ltr'>sale</span> <span class='ocrx_word' id='word_1_86' title='bbox 754 718 925 763; x_wconf 58' lang='lat' dir='ltr'>conditis,</span> <span class='ocrx_word' id='word_1_87' title='bbox 940 723 1133 754; x_wconf 82' lang='lat' dir='ltr'>semisiccis</span> <span class='ocrx_word' id='word_1_88' title='bbox 1146 718 1483 766; x_wconf 82' lang='lat' dir='ltr'>quadriuncialibus</span> <span class='ocrx_word' id='word_1_89' title='bbox 1494 719 1676 767; x_wconf 83' lang='lat' dir='ltr'>pisciculis</span> <span class='ocrx_word' id='word_1_90' title='bbox 1686 732 1887 755; x_wconf 84' lang='lat' dir='ltr'>numerare.</span> 
     </span>
    </p>

    <p class='ocr_par' dir='ltr' id='par_1_7' title="bbox 353 772 860 821">
     <span class='ocr_line' id='line_1_12' title="bbox 353 772 860 821; baseline 0 -12"><span class='ocrx_word' id='word_1_91' title='bbox 353 774 509 809; x_wconf 74' lang='lat' dir='ltr'>Maxilla</span> <span class='ocrx_word' id='word_1_92' title='bbox 534 772 683 808; x_wconf 79' lang='lat' dir='ltr'>inferior</span> <span class='ocrx_word' id='word_1_93' title='bbox 705 773 860 821; x_wconf 83' lang='lat' dir='ltr'>longior.</span> 
     </span>
    </p>

    <p class='ocr_par' dir='ltr' id='par_1_8' title="bbox 277 829 1893 1215">
     <span class='ocr_line' id='line_1_13' title="bbox 351 829 1890 880; baseline 0.001 -14"><span class='ocrx_word' id='word_1_94' title='bbox 351 832 623 866; x_wconf 80' lang='lat' dir='ltr'>Exenterantur</span> <span class='ocrx_word' id='word_1_95' title='bbox 639 840 721 878; x_wconf 81' lang='lat' dir='ltr'>post</span> <span class='ocrx_word' id='word_1_96' title='bbox 740 829 932 865; x_wconf 80' lang='lat' dir='ltr'>branchias</span> <span class='ocrx_word' id='word_1_97' title='bbox 953 835 991 865; x_wconf 92' lang='lat' dir='ltr'>in</span> <span class='ocrx_word' id='word_1_98' title='bbox 1015 830 1127 865; x_wconf 84' lang='lat' dir='ltr'>latere</span> <span class='ocrx_word' id='word_1_99' title='bbox 1147 830 1287 867; x_wconf 85' lang='lat' dir='ltr'>dextro,</span> <span class='ocrx_word' id='word_1_100' title='bbox 1315 832 1518 880; x_wconf 88' lang='lat' dir='ltr'>Capiuntur</span> <span class='ocrx_word' id='word_1_101' title='bbox 1531 844 1658 867; x_wconf 85' lang='lat' dir='ltr'>mense</span> <span class='ocrx_word' id='word_1_102' title='bbox 1680 832 1782 878; x_wconf 86' lang='lat' dir='ltr'>Majo</span> <span class='ocrx_word' id='word_1_103' title='bbox 1798 860 1806 878; x_wconf 92' lang='lat'>,</span> <span class='ocrx_word' id='word_1_104' title='bbox 1820 845 1890 867; x_wconf 87' lang='lat' dir='ltr'>no-</span> 
     </span>
     <span class='ocr_line' id='line_1_14' title="bbox 277 887 1890 936; baseline 0.001 -14"><span class='ocrx_word' id='word_1_105' title='bbox 277 893 377 922; x_wconf 83' lang='lat' dir='ltr'>mine</span> <span class='ocrx_word' id='word_1_106' title='bbox 400 888 565 934; x_wconf 74' lang='lat' dir='ltr'>Agoni,</span> <span class='ocrx_word' id='word_1_107' title='bbox 591 887 847 934; x_wconf 75' lang='lat' dir='ltr'>magnitudine</span> <span class='ocrx_word' id='word_1_108' title='bbox 875 887 1026 935; x_wconf 81' lang='lat' dir='ltr'>harengi</span> <span class='ocrx_word' id='word_1_109' title='bbox 1055 894 1092 922; x_wconf 85' lang='lat' dir='ltr'>in</span> <span class='ocrx_word' id='word_1_110' title='bbox 1119 887 1290 924; x_wconf 78' lang='lat' dir='ltr'>distantia</span> <span class='ocrx_word' id='word_1_111' title='bbox 1316 887 1472 924; x_wconf 80' lang='lat' dir='ltr'>duarum</span> <span class='ocrx_word' id='word_1_112' title='bbox 1500 894 1654 924; x_wconf 84' lang='lat' dir='ltr'>triumve</span> <span class='ocrx_word' id='word_1_113' title='bbox 1678 901 1890 936; x_wconf 82' lang='lat' dir='ltr'>orgyarum,</span> 
     </span>
     <span class='ocr_line' id='line_1_15' title="bbox 278 943 1893 994; baseline 0.002 -16"><span class='ocrx_word' id='word_1_114' title='bbox 278 944 341 978; x_wconf 90' lang='lat' dir='ltr'>ubi</span> <span class='ocrx_word' id='word_1_115' title='bbox 366 957 508 991; x_wconf 78' lang='lat' dir='ltr'>semper</span> <span class='ocrx_word' id='word_1_116' title='bbox 534 944 607 977; x_wconf 89' lang='lat' dir='ltr'>duo</span> <span class='ocrx_word' id='word_1_117' title='bbox 633 943 740 977; x_wconf 81' lang='lat' dir='ltr'>ludos</span> <span class='ocrx_word' id='word_1_118' title='bbox 769 956 945 978; x_wconf 81' lang='lat' dir='ltr'>venereos</span> <span class='ocrx_word' id='word_1_119' title='bbox 970 954 1202 988; x_wconf 78' lang='lat' dir='ltr'>exercentes,</span> <span class='ocrx_word' id='word_1_120' title='bbox 1235 946 1324 979; x_wconf 86' lang='lat' dir='ltr'>dum</span> <span class='ocrx_word' id='word_1_121' title='bbox 1351 945 1523 981; x_wconf 80' lang='lat' dir='ltr'>exsiliunt</span> <span class='ocrx_word' id='word_1_122' title='bbox 1542 975 1550 991; x_wconf 87' lang='lat'>‚</span> <span class='ocrx_word' id='word_1_123' title='bbox 1579 947 1785 994; x_wconf 81' lang='lat' dir='ltr'>superjecto</span> <span class='ocrx_word' id='word_1_124' title='bbox 1814 956 1893 981; x_wconf 85' lang='lat' dir='ltr'>rete</span> 
     </span>
     <span class='ocr_line' id='line_1_16' title="bbox 280 998 1891 1048; baseline 0.002 -14"><span class='ocrx_word' id='word_1_125' title='bbox 280 1006 483 1048; x_wconf 84' lang='lat' dir='ltr'>capiuntur.</span> <span class='ocrx_word' id='word_1_126' title='bbox 510 1000 675 1033; x_wconf 62' lang='lat' dir='ltr'>lNhnores</span> <span class='ocrx_word' id='word_1_127' title='bbox 704 1004 898 1046; x_wconf 86' lang='lat' dir='ltr'>capiuntur</span> <span class='ocrx_word' id='word_1_128' title='bbox 927 998 1152 1046; x_wconf 72' lang='lat' dir='ltr'>Septembri,</span> <span class='ocrx_word' id='word_1_129' title='bbox 1174 1012 1308 1046; x_wconf 78' lang='lat' dir='ltr'>magna</span> <span class='ocrx_word' id='word_1_130' title='bbox 1334 1007 1372 1033; x_wconf 90' lang='lat' dir='ltr'>in</span> <span class='ocrx_word' id='word_1_131' title='bbox 1391 1002 1642 1047; x_wconf 79' lang='lat' dir='ltr'>profunditate</span> <span class='ocrx_word' id='word_1_132' title='bbox 1660 1002 1780 1045; x_wconf 78' lang='lat' dir='ltr'>lacus,</span> <span class='ocrx_word' id='word_1_133' title='bbox 1805 1008 1891 1037; x_wconf 87' lang='lat' dir='ltr'>reti-</span> 
     </span>
     <span class='ocr_line' id='line_1_17' title="bbox 278 1052 1889 1101; baseline 0.002 -12"><span class='ocrx_word' id='word_1_134' title='bbox 278 1056 345 1091; x_wconf 76' lang='lat' dir='ltr'>bus</span> <span class='ocrx_word' id='word_1_135' title='bbox 365 1054 515 1101; x_wconf 81' lang='lat' dir='ltr'>ampliS,</span> <span class='ocrx_word' id='word_1_136' title='bbox 537 1064 574 1087; x_wconf 85' lang='lat' dir='ltr'>et</span> <span class='ocrx_word' id='word_1_137' title='bbox 592 1064 698 1098; x_wconf 82' lang='lat' dir='ltr'>saepe</span> <span class='ocrx_word' id='word_1_138' title='bbox 721 1052 864 1098; x_wconf 81' lang='lat' dir='ltr'>aliquot</span> <span class='ocrx_word' id='word_1_139' title='bbox 887 1061 1029 1084; x_wconf 83' lang='lat' dir='ltr'>tantum</span> <span class='ocrx_word' id='word_1_140' title='bbox 1050 1059 1249 1097; x_wconf 82' lang='lat' dir='ltr'>specimina</span> <span class='ocrx_word' id='word_1_141' title='bbox 1270 1067 1341 1086; x_wconf 90' lang='lat' dir='ltr'>una</span> <span class='ocrx_word' id='word_1_142' title='bbox 1357 1060 1455 1097; x_wconf 84' lang='lat' dir='ltr'>vice,</span> <span class='ocrx_word' id='word_1_143' title='bbox 1479 1055 1578 1088; x_wconf 86' lang='lat' dir='ltr'>unde</span> <span class='ocrx_word' id='word_1_144' title='bbox 1597 1061 1690 1100; x_wconf 88' lang='lat' dir='ltr'>cari,</span> <span class='ocrx_word' id='word_1_145' title='bbox 1709 1066 1745 1090; x_wconf 88' lang='lat' dir='ltr'>et</span> <span class='ocrx_word' id='word_1_146' title='bbox 1763 1063 1801 1091; x_wconf 88' lang='lat' dir='ltr'>in</span> <span class='ocrx_word' id='word_1_147' title='bbox 1815 1063 1889 1092; x_wconf 83' lang='lat' dir='ltr'>sin-</span> 
     </span>
     <span class='ocr_line' id='line_1_18' title="bbox 278 1105 1892 1160; baseline 0.001 -14"><span class='ocrx_word' id='word_1_148' title='bbox 278 1111 380 1160; x_wconf 79' lang='lat' dir='ltr'>gulas</span> <span class='ocrx_word' id='word_1_149' title='bbox 410 1109 519 1144; x_wconf 81' lang='lat' dir='ltr'>libras</span> <span class='ocrx_word' id='word_1_150' title='bbox 535 1136 543 1152; x_wconf 89' lang='lat'>,</span> <span class='ocrx_word' id='word_1_151' title='bbox 570 1107 683 1142; x_wconf 86' lang='lat' dir='ltr'>tribus</span> <span class='ocrx_word' id='word_1_152' title='bbox 711 1105 989 1140; x_wconf 76' lang='lat' dir='ltr'>Turonensibus</span> <span class='ocrx_word' id='word_1_153' title='bbox 1012 1106 1112 1141; x_wconf 82' lang='lat' dir='ltr'>libris</span> <span class='ocrx_word' id='word_1_154' title='bbox 1138 1107 1309 1154; x_wconf 73' lang='lat' dir='ltr'>(Francis)</span> <span class='ocrx_word' id='word_1_155' title='bbox 1340 1109 1557 1145; x_wconf 81' lang='lat' dir='ltr'>venduntur.</span> <span class='ocrx_word' id='word_1_156' title='bbox 1589 1111 1778 1147; x_wconf 82' lang='lat' dir='ltr'>Vocantur</span> <span class='ocrx_word' id='word_1_157' title='bbox 1805 1123 1892 1150; x_wconf 82' lang='lat' dir='ltr'>tunc</span> 
     </span>
     <span class='ocr_line' id='line_1_19' title="bbox 278 1161 1549 1215; baseline 0 -14"><span class='ocrx_word' id='word_1_158' title='bbox 278 1168 420 1215; x_wconf 65' lang='lat' dir='ltr'>Asgoni</span> <span class='ocrx_word' id='word_1_159' title='bbox 437 1166 577 1212; x_wconf 75' lang='lat' dir='ltr'>grassi.</span> <span class='ocrx_word' id='word_1_160' title='bbox 605 1161 728 1198; x_wconf 82' lang='lat' dir='ltr'>Multo</span> <span class='ocrx_word' id='word_1_161' title='bbox 752 1161 827 1197; x_wconf 83' lang='lat' dir='ltr'>sale</span> <span class='ocrx_word' id='word_1_162' title='bbox 851 1162 1065 1197; x_wconf 87' lang='lat' dir='ltr'>conduntur</span> <span class='ocrx_word' id='word_1_163' title='bbox 1084 1173 1119 1198; x_wconf 87' lang='lat' dir='ltr'>et</span> <span class='ocrx_word' id='word_1_164' title='bbox 1143 1164 1351 1199; x_wconf 77' lang='lat' dir='ltr'>Misolcim&#39;</span> <span class='ocrx_word' id='word_1_165' title='bbox 1369 1165 1549 1201; x_wconf 84' lang='lat' dir='ltr'>dicuntur.</span> 
     </span>
    </p>

    <p class='ocr_par' dir='ltr' id='par_1_9' title="bbox 279 1220 1892 1315">
     <span class='ocr_line' id='line_1_20' title="bbox 350 1220 1892 1270; baseline 0.003 -13"><span class='ocrx_word' id='word_1_166' title='bbox 350 1224 421 1257; x_wconf 84' lang='lat' dir='ltr'>Per</span> <span class='ocrx_word' id='word_1_167' title='bbox 447 1220 756 1266; x_wconf 81' lang='lat' dir='ltr'>nychthemerum</span> <span class='ocrx_word' id='word_1_168' title='bbox 782 1224 821 1253; x_wconf 88' lang='lat' dir='ltr'>in</span> <span class='ocrx_word' id='word_1_169' title='bbox 846 1231 943 1269; x_wconf 88' lang='lat' dir='ltr'>aqua</span> <span class='ocrx_word' id='word_1_170' title='bbox 968 1225 1143 1255; x_wconf 81' lang='lat' dir='ltr'>macerati</span> <span class='ocrx_word' id='word_1_171' title='bbox 1169 1233 1278 1269; x_wconf 87' lang='lat' dir='ltr'>super</span> <span class='ocrx_word' id='word_1_172' title='bbox 1306 1221 1481 1258; x_wconf 83' lang='lat' dir='ltr'>craticula</span> <span class='ocrx_word' id='word_1_173' title='bbox 1507 1233 1713 1270; x_wconf 87' lang='lat' dir='ltr'>torrentur,</span> <span class='ocrx_word' id='word_1_174' title='bbox 1742 1234 1778 1261; x_wconf 86' lang='lat' dir='ltr'>et</span> <span class='ocrx_word' id='word_1_175' title='bbox 1806 1238 1892 1262; x_wconf 87' lang='lat' dir='ltr'>oum</span> 
     </span>
     <span class='ocr_line' id='line_1_21' title="bbox 279 1275 887 1315; baseline -0.005 0"><span class='ocrx_word' id='word_1_176' title='bbox 279 1290 384 1315; x_wconf 84' lang='lat' dir='ltr'>aceto</span> <span class='ocrx_word' id='word_1_177' title='bbox 407 1291 449 1313; x_wconf 85' lang='lat' dir='ltr'>ac</span> <span class='ocrx_word' id='word_1_178' title='bbox 469 1277 555 1312; x_wconf 82' lang='lat' dir='ltr'>oleo</span> <span class='ocrx_word' id='word_1_179' title='bbox 576 1283 613 1311; x_wconf 91' lang='lat' dir='ltr'>in</span> <span class='ocrx_word' id='word_1_180' title='bbox 636 1275 774 1311; x_wconf 83' lang='lat' dir='ltr'>deliciis</span> <span class='ocrx_word' id='word_1_181' title='bbox 792 1285 887 1312; x_wconf 68' lang='lat' dir='ltr'>sunt„</span> 
     </span>
    </p>

    <p class='ocr_par' dir='ltr' id='par_1_10' title="bbox 273 1328 1941 1438">
     <span class='ocr_line' id='line_1_22' title="bbox 351 1328 1941 1387; baseline 0.003 -17"><span class='ocrx_word' id='word_1_182' title='bbox 351 1338 508 1383; x_wconf 78' lang='lat' dir='ltr'>Reperio</span> <span class='ocrx_word' id='word_1_183' title='bbox 530 1328 701 1378; x_wconf 75' lang='lat' dir='ltr'>tandem,</span> <span class='ocrx_word' id='word_1_184' title='bbox 725 1332 812 1368; x_wconf 81' lang='lat' dir='ltr'>licet</span> <span class='ocrx_word' id='word_1_185' title='bbox 835 1344 961 1380; x_wconf 82' lang='lat' dir='ltr'>aegre,</span> <span class='ocrx_word' id='word_1_186' title='bbox 990 1343 1027 1368; x_wconf 88' lang='lat' dir='ltr'>et</span> <span class='ocrx_word' id='word_1_187' title='bbox 1048 1333 1142 1369; x_wconf 85' lang='lat' dir='ltr'>forte</span> <span class='ocrx_word' id='word_1_188' title='bbox 1166 1347 1245 1369; x_wconf 88' lang='lat' dir='ltr'>non</span> <span class='ocrx_word' id='word_1_189' title='bbox 1265 1340 1343 1370; x_wconf 87' lang='lat' dir='ltr'>sine</span> <span class='ocrx_word' id='word_1_190' title='bbox 1362 1347 1484 1371; x_wconf 85' lang='lat' dir='ltr'>errore</span> <span class='ocrx_word' id='word_1_191' title='bbox 1507 1336 1557 1372; x_wconf 88' lang='lat' dir='ltr'>D.</span> <span class='ocrx_word' id='word_1_192' title='bbox 1578 1336 1638 1382; x_wconf 74' lang='lat'>153</span> <span class='ocrx_word' id='word_1_193' title='bbox 1656 1339 1694 1372; x_wconf 90' lang='lat' dir='ltr'>P.</span> <span class='ocrx_word' id='word_1_194' title='bbox 1714 1349 1746 1386; x_wconf 79' lang='lat'>9.</span> <span class='ocrx_word' id='word_1_195' title='bbox 1773 1338 1817 1374; x_wconf 87' lang='lat' dir='ltr'>A.</span> <span class='ocrx_word' id='word_1_196' title='bbox 1837 1350 1889 1387; x_wconf 81' lang='lat'>19.</span> <span class='ocrx_word' id='word_1_197' title='bbox 1939 1335 1941 1337; x_wconf 39' lang='lat'><strong><em>¹</em></strong></span> 
     </span>
     <span class='ocr_line' id='line_1_23' title="bbox 273 1390 1622 1438; baseline 0 -10"><span class='ocrx_word' id='word_1_198' title='bbox 273 1395 344 1428; x_wconf 83' lang='lat' dir='ltr'>C..</span> <span class='ocrx_word' id='word_1_199' title='bbox 367 1421 373 1427; x_wconf 98' lang='lat'>.</span> <span class='ocrx_word' id='word_1_200' title='bbox 392 1419 399 1427; x_wconf 92' lang='lat'><strong>.</strong></span> <span class='ocrx_word' id='word_1_201' title='bbox 421 1420 428 1426; x_wconf 93' lang='lat'>.</span> <span class='ocrx_word' id='word_1_202' title='bbox 454 1390 622 1426; x_wconf 85' lang='lat' dir='ltr'>Dorsalis</span> <span class='ocrx_word' id='word_1_203' title='bbox 642 1396 778 1438; x_wconf 87' lang='lat' dir='ltr'>pinnae</span> <span class='ocrx_word' id='word_1_204' title='bbox 806 1394 951 1424; x_wconf 84' lang='lat' dir='ltr'>initium</span> <span class='ocrx_word' id='word_1_205' title='bbox 970 1402 1099 1436; x_wconf 84' lang='lat' dir='ltr'>parum</span> <span class='ocrx_word' id='word_1_206' title='bbox 1117 1401 1203 1425; x_wconf 88' lang='lat' dir='ltr'>ante</span> <span class='ocrx_word' id='word_1_207' title='bbox 1227 1397 1373 1426; x_wconf 87' lang='lat' dir='ltr'>initium</span> <span class='ocrx_word' id='word_1_208' title='bbox 1395 1392 1622 1428; x_wconf 86' lang='lat' dir='ltr'>ventralium.</span> 
     </span>
    </p>

    <p class='ocr_par' dir='ltr' id='par_1_11' title="bbox 279 1445 1890 1542">
     <span class='ocr_line' id='line_1_24' title="bbox 351 1445 1890 1497; baseline 0.002 -14"><span class='ocrx_word' id='word_1_209' title='bbox 351 1451 465 1484; x_wconf 85' lang='lat' dir='ltr'>Linea</span> <span class='ocrx_word' id='word_1_210' title='bbox 481 1447 640 1482; x_wconf 86' lang='lat' dir='ltr'>lateralis</span> <span class='ocrx_word' id='word_1_211' title='bbox 651 1475 659 1491; x_wconf 91' lang='lat'>,</span> <span class='ocrx_word' id='word_1_212' title='bbox 674 1452 702 1481; x_wconf 76' lang='lat' dir='ltr'>si</span> <span class='ocrx_word' id='word_1_213' title='bbox 720 1445 843 1488; x_wconf 87' lang='lat' dir='ltr'>adest,</span> <span class='ocrx_word' id='word_1_214' title='bbox 858 1455 969 1479; x_wconf 86' lang='lat' dir='ltr'>recta.</span> <span class='ocrx_word' id='word_1_215' title='bbox 990 1445 1108 1480; x_wconf 78' lang='lat' dir='ltr'>Video</span> <span class='ocrx_word' id='word_1_216' title='bbox 1126 1459 1224 1481; x_wconf 86' lang='lat' dir='ltr'>nunc</span> <span class='ocrx_word' id='word_1_217' title='bbox 1239 1459 1390 1495; x_wconf 85' lang='lat' dir='ltr'>quoque</span> <span class='ocrx_word' id='word_1_218' title='bbox 1401 1475 1410 1493; x_wconf 95' lang='lat'>,</span> <span class='ocrx_word' id='word_1_219' title='bbox 1429 1458 1555 1483; x_wconf 85' lang='lat' dir='ltr'>tamen</span> <span class='ocrx_word' id='word_1_220' title='bbox 1571 1461 1739 1497; x_wconf 85' lang='lat' dir='ltr'>squamas</span> <span class='ocrx_word' id='word_1_221' title='bbox 1753 1450 1890 1497; x_wconf 85' lang='lat' dir='ltr'>adesse,</span> 
     </span>
     <span class='ocr_line' id='line_1_25' title="bbox 279 1501 1057 1542; baseline -0.01 0"><span class='ocrx_word' id='word_1_222' title='bbox 279 1516 342 1542; x_wconf 82' lang='lat' dir='ltr'>aut</span> <span class='ocrx_word' id='word_1_223' title='bbox 360 1505 491 1541; x_wconf 81' lang='lat' dir='ltr'>saltem</span> <span class='ocrx_word' id='word_1_224' title='bbox 511 1515 634 1539; x_wconf 87' lang='lat' dir='ltr'>cutem</span> <span class='ocrx_word' id='word_1_225' title='bbox 653 1509 692 1537; x_wconf 90' lang='lat' dir='ltr'>in</span> <span class='ocrx_word' id='word_1_226' title='bbox 714 1501 892 1536; x_wconf 84' lang='lat' dir='ltr'>rhombos</span> <span class='ocrx_word' id='word_1_227' title='bbox 914 1501 1057 1535; x_wconf 82' lang='lat' dir='ltr'>elevari.</span> 
     </span>
    </p>
   </div>
   <div class='ocr_carea' id='block_1_3' title="bbox 759 1588 1421 1632">
    <p class='ocr_par' dir='ltr' id='par_1_12' title="bbox 759 1588 1421 1632">
     <span class='ocr_line' id='line_1_26' title="bbox 759 1588 1421 1632; baseline 0 0"><span class='ocrx_word' id='word_1_228' title='bbox 759 1588 1080 1632; x_wconf 89' lang='lat' dir='ltr'><strong>CLUPEA</strong></span> <span class='ocrx_word' id='word_1_229' title='bbox 1124 1588 1421 1632; x_wconf 91' lang='lat' dir='ltr'><strong>LODNA.</strong></span> 
     </span>
    </p>
   </div>
   <div class='ocr_carea' id='block_1_4' title="bbox 277 1669 1890 2007">
    <p class='ocr_par' dir='ltr' id='par_1_13' title="bbox 281 1669 1888 1774">
     <span class='ocr_line' id='line_1_27' title="bbox 355 1669 1888 1720; baseline 0.002 -13"><span class='ocrx_word' id='word_1_230' title='bbox 355 1672 515 1720; x_wconf 72' lang='lat' dir='ltr'>(villosa</span> <span class='ocrx_word' id='word_1_231' title='bbox 529 1700 537 1716; x_wconf 83' lang='lat'>,</span> <span class='ocrx_word' id='word_1_232' title='bbox 554 1671 612 1707; x_wconf 85' lang='lat' dir='ltr'>vel</span> <span class='ocrx_word' id='word_1_233' title='bbox 625 1670 799 1717; x_wconf 76' lang='lat' dir='ltr'>foetens.)</span> <span class='ocrx_word' id='word_1_234' title='bbox 822 1672 934 1705; x_wconf 83' lang='lat' dir='ltr'>Linea</span> <span class='ocrx_word' id='word_1_235' title='bbox 952 1669 1095 1705; x_wconf 84' lang='lat' dir='ltr'>laterali</span> <span class='ocrx_word' id='word_1_236' title='bbox 1113 1670 1324 1718; x_wconf 84' lang='lat' dir='ltr'>prominula</span> <span class='ocrx_word' id='word_1_237' title='bbox 1343 1670 1448 1707; x_wconf 82' lang='lat' dir='ltr'>hirta.</span> <span class='ocrx_word' id='word_1_238' title='bbox 1474 1671 1626 1708; x_wconf 84' lang='lat' dir='ltr'>Olafsen</span> <span class='ocrx_word' id='word_1_239' title='bbox 1646 1682 1682 1710; x_wconf 88' lang='lat' dir='ltr'>et</span> <span class='ocrx_word' id='word_1_240' title='bbox 1705 1673 1888 1710; x_wconf 83' lang='lat' dir='ltr'>Povelsen</span> 
     </span>
     <span class='ocr_line' id='line_1_28' title="bbox 281 1726 1335 1774; baseline -0.004 -8"><span class='ocrx_word' id='word_1_241' title='bbox 281 1733 329 1766; x_wconf 80' lang='lat' dir='ltr'>Ic.</span> <span class='ocrx_word' id='word_1_242' title='bbox 350 1732 392 1764; x_wconf 81' lang='lat' dir='ltr'>in</span> <span class='ocrx_word' id='word_1_243' title='bbox 409 1728 560 1764; x_wconf 78' lang='lat' dir='ltr'>Island.</span> <span class='ocrx_word' id='word_1_244' title='bbox 585 1728 618 1774; x_wconf 80' lang='lat'>§.</span> <span class='ocrx_word' id='word_1_245' title='bbox 640 1728 718 1774; x_wconf 82' lang='lat'>527.</span> <span class='ocrx_word' id='word_1_246' title='bbox 743 1729 776 1762; x_wconf 84' lang='lat'>8.</span> <span class='ocrx_word' id='word_1_247' title='bbox 796 1729 851 1762; x_wconf 91' lang='lat' dir='ltr'>II.</span> <span class='ocrx_word' id='word_1_248' title='bbox 871 1741 906 1773; x_wconf 81' lang='lat' dir='ltr'>p.</span> <span class='ocrx_word' id='word_1_249' title='bbox 928 1737 1001 1773; x_wconf 76' lang='lat'>191.</span> <span class='ocrx_word' id='word_1_250' title='bbox 1024 1726 1103 1762; x_wconf 54' lang='lat' dir='ltr'>cal)⁴</span> <span class='ocrx_word' id='word_1_251' title='bbox 1122 1727 1335 1762; x_wconf 84' lang='lat' dir='ltr'><em>XXVIII.</em></span> 
     </span>
    </p>

    <p class='ocr_par' dir='ltr' id='par_1_14' title="bbox 277 1783 1890 1891">
     <span class='ocr_line' id='line_1_29' title="bbox 352 1783 1890 1834; baseline 0.001 -14"><span class='ocrx_word' id='word_1_252' title='bbox 352 1788 409 1821; x_wconf 82' lang='lat' dir='ltr'>Ex</span> <span class='ocrx_word' id='word_1_253' title='bbox 439 1791 546 1819; x_wconf 83' lang='lat' dir='ltr'>icone</span> <span class='ocrx_word' id='word_1_254' title='bbox 576 1784 831 1819; x_wconf 78' lang='lat' dir='ltr'>definiverim:</span> <span class='ocrx_word' id='word_1_255' title='bbox 858 1784 998 1818; x_wconf 75' lang='lat' dir='ltr'>Pinna</span> <span class='ocrx_word' id='word_1_256' title='bbox 1025 1783 1176 1818; x_wconf 61' lang='lat' dir='ltr'>dorsale·</span> <span class='ocrx_word' id='word_1_257' title='bbox 1203 1783 1381 1830; x_wconf 75' lang='lat' dir='ltr'>duplici,</span> <span class='ocrx_word' id='word_1_258' title='bbox 1414 1784 1532 1819; x_wconf 68' lang='lat' dir='ltr'>(mali</span> <span class='ocrx_word' id='word_1_259' title='bbox 1555 1788 1790 1834; x_wconf 75' lang='lat' dir='ltr'>regioneque</span> <span class='ocrx_word' id='word_1_260' title='bbox 1817 1790 1890 1823; x_wconf 74' lang='lat' dir='ltr'>ani</span> 
     </span>
     <span class='ocr_line' id='line_1_30' title="bbox 277 1837 1643 1891; baseline -0.004 -13"><span class='ocrx_word' id='word_1_261' title='bbox 277 1843 412 1891; x_wconf 71' lang='lat' dir='ltr'>gibba.</span> <span class='ocrx_word' id='word_1_262' title='bbox 1631 1837 1643 1847; x_wconf 31' lang='grc' dir='ltr'><strong>Χ</strong></span> 
     </span>
    </p>

    <p class='ocr_par' dir='ltr' id='par_1_15' title="bbox 279 1893 1888 2007">
     <span class='ocr_line' id='line_1_31' title="bbox 354 1893 1888 1946; baseline 0.001 -13"><span class='ocrx_word' id='word_1_263' title='bbox 354 1900 511 1933; x_wconf 83' lang='lat' dir='ltr'>Memini</span> <span class='ocrx_word' id='word_1_264' title='bbox 532 1903 640 1933; x_wconf 83' lang='lat' dir='ltr'>etiam</span> <span class='ocrx_word' id='word_1_265' title='bbox 660 1896 867 1932; x_wconf 78' lang='lat' dir='ltr'>Pallantem</span> <span class='ocrx_word' id='word_1_266' title='bbox 891 1900 1051 1943; x_wconf 83' lang='lat' dir='ltr'>speciem</span> <span class='ocrx_word' id='word_1_267' title='bbox 1079 1893 1233 1942; x_wconf 87' lang='lat' dir='ltr'>clupeae</span> <span class='ocrx_word' id='word_1_268' title='bbox 1263 1908 1489 1943; x_wconf 80' lang='lat' dir='ltr'>memorare,</span> <span class='ocrx_word' id='word_1_269' title='bbox 1509 1909 1602 1946; x_wconf 86' lang='lat' dir='ltr'>quac</span> <span class='ocrx_word' id='word_1_270' title='bbox 1621 1897 1793 1934; x_wconf 83' lang='lat' dir='ltr'>lateribus</span> <span class='ocrx_word' id='word_1_271' title='bbox 1814 1899 1888 1935; x_wconf 76' lang='lat' dir='ltr'>his-</span> 
     </span>
     <span class='ocr_line' id='line_1_32' title="bbox 279 1953 796 2007; baseline -0.006 -15"><span class='ocrx_word' id='word_1_272' title='bbox 279 1955 374 2007; x_wconf 88' lang='lat' dir='ltr'>pidis</span> <span class='ocrx_word' id='word_1_273' title='bbox 394 1967 478 1990; x_wconf 83' lang='lat' dir='ltr'>cum</span> <span class='ocrx_word' id='word_1_274' title='bbox 497 1954 568 1989; x_wconf 87' lang='lat' dir='ltr'>alia</span> <span class='ocrx_word' id='word_1_275' title='bbox 591 1953 796 1989; x_wconf 81' lang='lat' dir='ltr'>cohaereat.</span> 
     </span>
    </p>
   </div>
   <div class='ocr_carea' id='block_1_5' title="bbox 695 2037 1470 2083">
    <p class='ocr_par' dir='ltr' id='par_1_16' title="bbox 695 2037 1470 2083">
     <span class='ocr_line' id='line_1_33' title="bbox 695 2037 1470 2083; baseline 0 -1"><span class='ocrx_word' id='word_1_276' title='bbox 695 2037 1108 2083; x_wconf 82' lang='lat' dir='ltr'>CYPRINUS</span> <span class='ocrx_word' id='word_1_277' title='bbox 1156 2037 1470 2083; x_wconf 82' lang='lat' dir='ltr'><strong>CARPIO.</strong></span> 
     </span>
    </p>
   </div>
   <div class='ocr_carea' id='block_1_6' title="bbox 282 2120 1894 2270">
    <p class='ocr_par' dir='ltr' id='par_1_17' title="bbox 282 2120 1894 2270">
     <span class='ocr_line' id='line_1_34' title="bbox 352 2120 1888 2169; baseline 0.001 -14"><span class='ocrx_word' id='word_1_278' title='bbox 352 2123 619 2158; x_wconf 63' lang='lat' dir='ltr'>VARIETATEM</span> <span class='ocrx_word' id='word_1_279' title='bbox 642 2120 727 2155; x_wconf 84' lang='lat' dir='ltr'>hinc</span> <span class='ocrx_word' id='word_1_280' title='bbox 755 2121 842 2155; x_wconf 86' lang='lat' dir='ltr'>inde</span> <span class='ocrx_word' id='word_1_281' title='bbox 872 2120 1032 2164; x_wconf 87' lang='lat' dir='ltr'>nudam,</span> <span class='ocrx_word' id='word_1_282' title='bbox 1060 2125 1219 2167; x_wconf 84' lang='lat' dir='ltr'>squamis</span> <span class='ocrx_word' id='word_1_283' title='bbox 1243 2120 1442 2165; x_wconf 82' lang='lat' dir='ltr'>majoribus</span> <span class='ocrx_word' id='word_1_284' title='bbox 1471 2133 1538 2168; x_wconf 90' lang='lat' dir='ltr'>pro</span> <span class='ocrx_word' id='word_1_285' title='bbox 1567 2120 1737 2156; x_wconf 81' lang='lat' dir='ltr'>distincta</span> <span class='ocrx_word' id='word_1_286' title='bbox 1766 2127 1888 2169; x_wconf 83' lang='lat' dir='ltr'>specie</span> 
     </span>
     <span class='ocr_line' id='line_1_35' title="bbox 282 2176 1894 2225; baseline -0.001 -9"><span class='ocrx_word' id='word_1_287' title='bbox 282 2178 393 2216; x_wconf 70' lang='lat' dir='ltr'>habet</span> <span class='ocrx_word' id='word_1_288' title='bbox 415 2176 723 2215; x_wconf 80' lang='lat' dir='ltr'>Blumenbachius</span> <span class='ocrx_word' id='word_1_289' title='bbox 743 2176 970 2213; x_wconf 70' lang='lat' dir='ltr'>Handbuch</span> <span class='ocrx_word' id='word_1_290' title='bbox 989 2177 1047 2212; x_wconf 79' lang='lat' dir='ltr'>cd.</span> <span class='ocrx_word' id='word_1_291' title='bbox 1063 2178 1141 2213; x_wconf 94' lang='lat' dir='ltr'><em>III.</em></span> <span class='ocrx_word' id='word_1_292' title='bbox 1159 2190 1196 2224; x_wconf 80' lang='lat' dir='ltr'>p.</span> <span class='ocrx_word' id='word_1_293' title='bbox 1210 2177 1290 2214; x_wconf 75' lang='lat'><strong>526.</strong></span> <span class='ocrx_word' id='word_1_294' title='bbox 1310 2186 1346 2213; x_wconf 86' lang='lat' dir='ltr'>et</span> <span class='ocrx_word' id='word_1_295' title='bbox 1365 2177 1505 2213; x_wconf 79' lang='lat' dir='ltr'>Nauius</span> <span class='ocrx_word' id='word_1_296' title='bbox 1524 2182 1564 2212; x_wconf 89' lang='lat' dir='ltr'>in</span> <span class='ocrx_word' id='word_1_297' title='bbox 1581 2178 1894 2225; x_wconf 70' lang='lat' dir='ltr'>Naczcrsomcher</span> 
     </span>
     <span class='ocr_line' id='line_1_36' title="bbox 736 2234 1886 2270; baseline 0 0"><span class='ocrx_word' id='word_1_298' title='bbox 736 2244 739 2245; x_wconf 71' lang='grc'>’</span> <span class='ocrx_word' id='word_1_299' title='bbox 1743 2234 1886 2270; x_wconf 87' lang='lat' dir='ltr'><em>XXV.</em></span> 
     </span>
    </p>
   </div>
  </div>
 </body>
</html>
