2054 2748
786 176 1190 205 MAMMALIA.
1735 180 1782 207 21

377 256 1599 302 MYRMECOPHAGAIHDACTYLA

257 351 534 386 Blzamenbacll,
564 350 799 398 Ablatlslng
828 348 1080 384 nacurlaiscor.
1105 348 1382 397 Gegenscz'inde
1405 348 1476 382 tab.
1501 360 1556 382 22.
1578 361 1679 385 aures
1700 364 1789 399 pen—

185 407 289 442 dulas
309 408 481 443 adscribit
502 419 537 443 et
560 414 684 456 pingit.
712 409 878 454 Utraque
898 418 980 440 mea
995 406 1163 441 auriculis
1185 416 1292 441 caret.
1320 408 1431 440 Linea
1447 405 1543 440 dorsi
1561 404 1678 450 susca3
1695 407 1788 454 pilo—

183 476 265 498 rum
282 465 457 513 splendor
479 474 680 512 argenteUS.
709 462 834 497 Gauda
857 461 1085 510 prehensilis.

256 550 319 584 An
344 550 390 585 ad
418 550 490 584 hoc
515 560 627 596 genus
647 554 805 596 pertinet
833 548 971 583 animal
998 560 1042 582 ex
1069 548 1249 583 Herberto
1270 548 1316 583 de
1341 551 1469 596 Jaeger
1496 549 1721 584 delineatum
1753 556 1789 584 in

188 607 399 642 Valentini
415 606 522 640 Illas.
546 618 644 640 mus.
670 607 726 641 II.
752 605 830 641 [ab.
851 605 908 642 23.
923 606 960 652 f
980 613 1010 647 4.
1033 618 1119 652 cap.
1143 617 1196 652 29.
1217 607 1250 650 §.
1275 612 1306 647 4.
1333 611 1486 639 nomine
1511 606 1632 640 ,Melis
1657 607 1792 642 indici.

185 665 279 697 Cum
298 665 430 696 Lemur
454 662 681 709 tardigradus
701 662 796 697 bene
823 661 874 697 ibi
901 661 1107 697 delineatus
1132 667 1201 706 sit,
1228 661 1301 696 hoe
1329 672 1426 698 certe
1450 662 1587 697 animal
1611 663 1792 711 singulare

182 731 261 754 non
280 718 421 753 videtur
440 731 516 753 esse
538 718 812 766 negligendum.

254 777 287 808 V
290 776 410 811 idetur
429 776 519 812 mihi
536 776 610 811 fere
630 776 678 811 ad
696 776 835 811 femora
853 780 1056 825 posteriora
1079 785 1115 811 et
1137 776 1293 811 caudam
1312 776 1453 825 aliquid
1471 776 1706 812 membranae
1726 790 1790 813 vo-

181 831 292 868 latilis
314 832 460 869 habere.

502 870 1494 950 MANISPENTADACTYLA

256 1000 298 1034 ΙΝ
322 1011 405 1033 meo
431 1003 632 1046 specimine
655 996 794 1032 collum
814 997 981 1043 nullum,
1011 997 1195 1033 auriculae
1220 997 1354 1032 nullae.
1391 997 1516 1033 Gauda
1543 997 1698 1033 duarum
1720 1009 1791 1034 ter-

181 1061 313 1091 tiarum
332 1055 573 1103 longitudinis
594 1061 765 1103 corporis,
792 1056 833 1090 In
851 1055 996 1091 Sebana
1013 1054 1126 1104 figura
1145 1055 1259 1090 cauda
1277 1054 1466 1103 aliquanto
1487 1055 1635 1103 longior
1650 1067 1791 1091 trunco

181 1113 243 1148 An
260 1119 381 1161 specie
401 1118 539 1149 diversa
554 1114 570 1150 ’.Ρ

253 1171 464 1218 Descriptio
487 1170 585 1218 apud
609 1169 861 1205 Erxlebenum
884 1169 994 1206 bona.
1021 1170 1158 1206 Addo:
1190 1170 1307 1206 Series
1326 1182 1560 1218 squamarum
1588 1175 1625 1204 in
1658 1170 1766 1204 dorso
1783 1198 1792 1215 7

179 1239 253 1260 una
273 1227 413 1271 media,
442 1237 478 1262 et
497 1227 543 1261 ad
564 1227 656 1262 latus
678 1238 873 1275 utrumque
895 1241 978 1272 sex,
1004 1227 1215 1262 lateralibus
1236 1227 1322 1262 licet
1345 1233 1383 1260 in
1403 1239 1557 1273 corpore
1582 1238 1792 1273 compresso

180 1295 258 1316 non
273 1288 440 1317 carinatis
451 1310 459 1326 ‚
473 1283 536 1316 sed
555 1283 673 1329 planis
685 1289 721 1316 in
735 1283 890 1316 modum
909 1283 1142 1329 reliquarum.
1164 1283 1345 1329 Squamae
1365 1288 1491 1328 capitis
1506 1293 1619 1328 usque
1634 1282 1679 1315 ad
1695 1282 1793 1315 deci-

180 1351 279 1373 mam
298 1339 459 1384 aequalis
479 1338 740 1381 magnitudinis
754 1366 761 1377 ‚
778 1344 946 1371 maximis
971 1337 1174 1371 dorsalibus
1195 1344 1304 1371 vicies
1325 1347 1360 1370 et
1381 1337 1476 1369 ultra
1502 1343 1662 1370 minores
1678 1365 1686 1381 ‚
1707 1338 1793 1371 inde

179 1405 340 1429 crescere
361 1397 540 1439 incipiunt
558 1402 672 1437 usque
687 1389 734 1423 ad
758 1393 981 1436 trigesimam
1001 1394 1038 1423 in
1058 1389 1130 1423 fine
1149 1389 1266 1433 dors'13
1290 1390 1424 1424 abinde
1443 1391 1659 1427 decrescunt
1679 1406 1792 1441 usque

178 1450 226 1485 ad
242 1449 558 1498 quadragesimam
583 1456 749 1480 octavam
770 1458 863 1493 quae
880 1455 996 1481 totam
1016 1452 1147 1480 seriem
1169 1445 1318 1481 claudit.

253 1505 472 1540 Candalium
500 1515 735 1551 squamarum
759 1508 866 1537 series
892 1502 1022 1537 decern
1053 1502 1219 1538 laterales
1247 1509 1439 1538 carinatae.
1476 1504 1658 1553 Squamae
1683 1513 1791 1542 trium

179 1568 349 1597 serierum
367 1567 595 1609 superiorum
613 1561 769 1606 majores
790 1571 901 1607 quam
918 1558 1150 1604 inferiorum,
1171 1566 1255 1608 quia
1272 1561 1421 1596 dorsum
1440 1562 1546 1598 valde
1566 1575 1789 1611 convexum,

180 1629 216 1654 et
235 1619 360 1654 subtus.
376 1618 491 1653 cauda
514 1624 557 1652 sit
578 1616 710 1665 plana,
737 1629 822 1651 cum
843 1622 1006 1664 quinque
1024 1616 1192 1652 seriebus.

252 1677 329 1710 Mei
344 1674 538 1722 longitudo
555 1674 712 1708 duorum
731 1673 869 1721 pedum
890 1673 1019 1708 decem
1034 1673 1234 1722 pollicum,
1263 1674 1419 1711 latitudo
1443 1683 1583 1725 postica
1610 1678 1791 1726 pollicum

178 1743 319 1780 septem
335 1744 419 1766 cum
439 1731 614 1774 dimidio,
635 1741 731 1765 retro
752 1730 917 1778 scapulas
937 1743 999 1765 sex
1023 1730 1222 1778 pollicum·⁷
1244 1732 1402 1768 altitudo
1423 1747 1486 1769 scu.
1508 1741 1684 1771 crassities
1708 1736 1791 1784 pol-

179 1789 292 1823 licum
312 1793 439 1831 trium3
461 1799 634 1835 squamae
652 1792 834 1821 maximae
855 1786 948 1821 ultra
969 1787 1061 1822 duos
1086 1787 1240 1835 pollices
1265 1789 1398 1837 longae
1418 1801 1453 1826 et
1474 1791 1578 1827 latae.

257 1847 401 1893 Unguis
429 1845 571 1879 medius
600 1843 737 1891 pedum
770 1849 995 1878 anteriorum
1022 1844 1269 1892 bipollicaris,
1302 1853 1457 1883 extimus
1490 1862 1566 1884 non
1596 1849 1789 1898 pollicari&

178 1902 353 1949 Ejusdem
374 1900 615 1948 longitudinis
638 1913 777 1948 ungues
789 1906 942 1948 postici,
965 1913 1123 1949 quorum
1143 1902 1246 1950 digiti
1262 1903 1386 1938 coaliii
1407 1916 1444 1941 et
1459 1905 1532 1941 sere
1549 1906 1786 1955 elephantini,

178 1969 219 1994 ut
245 1965 282 1993 in
305 1958 506 1992 Testudine
527 1970 666 2005 graeca.
711 1973 713 1976 ⁴

253 2018 371 2064 Caput
401 2028 466 2063 pro
501 2020 741 2064 proportione
774 2020 937 2064 corporis
962 2022 1278 2064 angustissimum,
1311 2025 1621 2065 mimitissimum,
1649 2019 1788 2054 collum

179 2073 289 2121 plane
306 2072 470 2117 nullum,
492 2085 563 2121 qua
584 2085 621 2107 re
636 2072 726 2106 mihi
747 2073 889 2108 videtur
908 2087 992 2108 cum
1017 2074 1113 2122 talpa
1131 2083 1337 2112 convenire.
1359 2078 1562 2113 Mereretur
1586 2082 1717 2124 inquiri
1740 2088 1787 2111 an

181 2135 289 2164 etiam
309 2140 347 2164 ut
369 2135 406 2163 in
428 2129 495 2164 hac
520 2129 690 2178 scapulae
711 2143 825 2178 nsque
843 2130 889 2165 ad
914 2137 1061 2178 occiput
1084 2138 1302 2181 pertingant.

252 2187 366 2233 Regio
388 2197 576 2234 squamata
605 2187 703 2222 dorsi
735 2193 854 2222 minus
873 2200 993 2222 versus
1019 2188 1187 2225 inferiora
1211 2201 1274 2227 aut
1303 2202 1430 2240 pectus
1458 2190 1683 2233 extenditur,
1709 2195 1786 2224 sine

181 2240 291 2277 dubio
312 2255 358 2277 ne
377 2256 558 2280 mammae
580 2243 676 2281 laete
704 2254 948 2293 turgescentes
967 2244 1168 2282 laedantur.
