2054 2748
311 137 393 194 256
682 142 1157 177 OBSERVATIONES
1204 143 1563 174 ZOOLOGICAE.

309 241 346 270 in
362 234 472 283 pedes
486 238 704 282 posteriores
725 243 834 279 quam
847 239 969 278 potest
983 228 1060 263 fieri
1074 238 1214 264 erectus
1227 238 1399 276 repertus.
1426 229 1513 263 Post
1526 227 1597 262 hoc
1618 236 1761 276 tempus
1775 239 1916 277 semper

309 299 347 327 in
366 291 554 340 superficie
573 288 825 325 semidesossus
847 287 980 331 haesit,
1001 285 1127 320 colore
1143 286 1274 320 eodem
1300 285 1505 334 pallidiore.
1535 284 1666 319 Cibum
1691 297 1769 320 non
1792 296 1917 321 curare

309 355 402 385 visus
423 358 485 383 est.

383 406 432 441 D.
459 406 509 440 13.
534 405 613 437 Oct.
638 406 809 435 minimus
834 399 898 434 ille
923 399 1039 434 rubris
1067 399 1219 434 maculis
1241 411 1357 433 novus
1383 412 1403 433 a
1429 398 1504 433 filio
1529 404 1741 447 impositus,
1767 404 1829 447 qni
1848 398 1914 434 ali-

311 462 461 511 quando
482 474 518 495 se
537 458 790 502 abscondidit,
811 457 1012 505 aliquando
1032 467 1156 491 autem
1175 455 1287 491 radici
1306 456 1414 491 dauci
1432 461 1472 490 in
1502 465 1593 491 terra
1617 456 1752 502 jacenti
1771 457 1915 502 insedit,

311 530 346 557 et
369 519 510 567 agiliter
530 521 614 550 satis
642 527 784 550 muscas
816 524 966 562 captans
992 513 1134 548 exsiliit.

383 576 441 610 Ad
469 575 521 607 δι.
545 573 626 607 Oct.
652 585 767 620 usque
792 573 910 617 major
928 570 990 605 ille
1018 570 1145 606 locum
1169 579 1205 604 et
1223 569 1390 604 colorem
1417 582 1494 603 non
1519 575 1693 613 mutavit,
1717 580 1860 618 semper
1879 574 1918 604 in

309 631 496 681 superficie
516 630 669 665 haerens
689 629 771 677 plus
790 635 910 664 minus
932 626 1198 663 semidefossus.
1225 628 1308 662 Hoc
1328 627 1386 662 die
1405 626 1517 674 paulo
1537 632 1652 673 magis
1673 638 1862 674 emergens
1881 635 1918 661 et

310 690 577 726 subunctuosus
594 692 697 722 visus.

382 748 507 793 Usque
531 745 577 779 ad
608 757 657 779 10.
679 745 772 778 Nov.
794 742 887 777 nihil
915 740 1107 790 peculiaris
1132 746 1170 774 in
1195 739 1260 774 illo
1285 739 1526 775 observatum.
1554 739 1680 774 Siccus
1702 750 1738 775 et
1759 739 1918 788 pallidus

308 810 441 839 mansit
461 809 499 837 in
521 801 722 851 superficie.
752 800 824 834 Sed
849 812 892 834 eo
918 799 976 834 die
1001 798 1048 833 ad
1072 804 1225 846 parietes
1246 809 1446 845 campanae
1467 803 1605 841 enisus,
1636 807 1674 831 et
1702 795 1827 831 colore
1853 795 1919 831 ob-

309 868 467 897 scuriore
488 870 688 894 onctuosus
710 864 813 893 visus.
841 858 960 903 Magis
986 867 1136 903 quoque
1158 854 1215 888 die
1234 864 1410 902 sequente
1438 853 1609 888 humidus
1631 858 1819 901 apparuit,
1845 865 1918 900 quo

309 926 419 955 etiam
443 917 682 952 scorodosma
706 921 745 949 in
767 913 957 962 superficie
976 918 1049 947 visa
1070 921 1123 946 est
1148 910 1262 958 (quae
1283 910 1316 945 d.
1340 923 1389 946 12.
1411 912 1505 945 Nov.
1526 922 1604 945 non
1623 909 1779 957 amplius
1793 909 1919 957 visus).

381 975 514 1009 Tribus
535 973 661 1008 diebus
686 981 769 1018 post
799 977 922 1004 minor
943 970 1078 1003 rubens
1105 967 1192 1002 bufo
1222 966 1318 1002 laete
1349 967 1536 1001 coloratus
1563 973 1601 1000 in
1628 976 1786 1011 quatuor
1808 967 1920 1014 pedes

310 1033 382 1068 alte
415 1041 555 1065 erectus
586 1029 804 1063 observatus.
842 1025 958 1060 Paulo
989 1033 1072 1072 post
1094 1021 1292 1069 tranquille
1320 1022 1488 1057 consedit
1514 1034 1622 1070 super
1651 1023 1757 1056 dauci
1780 1023 1921 1068 radice,

309 1101 420 1137 quarn
443 1087 509 1121 sub
530 1085 659 1119 eadem
684 1094 862 1128 campana
887 1081 1063 1113 limacum
1087 1089 1193 1111 causa
1214 1089 1418 1123 posueram.

381 1146 430 1179 D.
457 1144 507 1178 15.
527 1143 621 1176 Nov.
642 1150 770 1173 omnes
787 1148 857 1172 tres
876 1134 1031 1170 bufones
1049 1131 1157 1167 simul
1180 1131 1354 1177 aderant,
1378 1146 1463 1169 cum
1485 1133 1613 1169 ranula
1635 1133 1786 1169 arborea
1808 1136 1921 1184 (quae

309 1205 381 1239 hoc
397 1202 454 1236 die
469 1198 693 1233 lucidissimo
715 1194 862 1237 colore,
881 1202 917 1227 et
938 1204 1011 1226 una
1033 1191 1122 1224 hora
1145 1197 1228 1236 post
1243 1192 1383 1242 pallide
1402 1197 1519 1227 virens
1540 1197 1660 1239 prouti
1675 1192 1773 1239 apud
1787 1193 1922 1228 Roese-

310 1260 400 1296 lium
429 1262 613 1306 pingitur,
637 1259 710 1289 visa
738 1249 823 1297 est.)
856 1250 1062 1291 Vorarunt,
1092 1249 1230 1294 majore
1253 1260 1411 1298 excepto
1443 1248 1591 1283 bufone.
1626 1251 1790 1284 Limaces
1813 1249 1922 1286 simul

309 1317 468 1353 inclusas
489 1325 596 1361 supra
620 1322 751 1358 corpus
773 1319 898 1357 repere
918 1305 1019 1341 haud
1039 1318 1145 1355 aegre
1164 1307 1350 1353 ferebant,
1377 1318 1536 1355 quorum
1554 1318 1682 1341 mucus
1696 1311 1815 1341 nitens
1836 1306 1922 1342 dor-

309 1386 389 1409 sum
410 1370 591 1405 bufonum
612 1366 834 1401 obducebat.

384 1430 433 1464 D.
450 1441 505 1462 21.
524 1428 617 1460 Nov.
637 1429 819 1458 minorem
841 1421 962 1455 rufum
981 1420 1159 1455 bufonem
1182 1421 1289 1456 video
1310 1420 1464 1469 pedibus
1484 1418 1725 1454 anterioribus
1745 1425 1921 1467 insistere,

310 1499 347 1523 et
370 1489 590 1535 posteriores
609 1481 656 1516 ad
683 1485 858 1528 parietem
891 1490 1091 1525 campanae
1119 1483 1265 1525 erigere.
1293 1478 1378 1522 Quo
1404 1476 1503 1511 fine?
1533 1475 1662 1510 Adfuit
1686 1475 1784 1510 idem
1809 1476 1843 1511 d.
1864 1479 1920 1512 25.

310 1548 406 1581 Nov.
427 1553 462 1577 et
483 1552 590 1587 saepe
614 1548 654 1572 ut
671 1536 785 1571 modo
806 1536 945 1570 dictum
969 1534 1123 1582 pedibus
1142 1532 1403 1582 posterioribus
1426 1537 1601 1567 surrectis.
1628 1531 1742 1566 Simul
1770 1532 1923 1569 aderant

310 1601 464 1648 reliqui,
484 1598 601 1642 major
619 1593 707 1629 bufo
728 1603 764 1628 et
782 1592 1020 1627 scorodosma
1041 1600 1077 1625 et
1099 1603 1185 1625 rana
1206 1589 1378 1634 arborea,
1406 1589 1491 1624 licet
1519 1594 1636 1636 primo
1658 1588 1743 1635 gelu
1765 1601 1859 1636 aqua
1884 1595 1922 1624 in

310 1657 433 1694 rivulis
455 1655 656 1703 platearum
684 1656 879 1685 constricta
901 1658 1004 1683 esset.
1032 1647 1193 1693 Quando
1215 1659 1379 1681 muscam
1401 1645 1490 1680 vidit
1512 1644 1641 1693 illique
1660 1644 1844 1690 inhiabat,
1866 1646 1920 1681 di„

311 1720 392 1764 gitis
411 1711 553 1747 (luobus
576 1708 787 1757 penultimis
808 1705 945 1754 pedum
974 1711 1216 1753 posteriorum
1236 1702 1552 1738 contremiscebat.

384 1771 433 1805 D.
448 1770 482 1804 (3.
499 1768 591 1802 Dec.
607 1777 721 1813 quum
739 1776 803 1812 per
821 1763 965 1811 aliquot
980 1763 1054 1808 jam
1069 1761 1144 1796 dies
1164 1767 1201 1795 in
1222 1760 1411 1809 superficie
1427 1768 1603 1794 consueto
1621 1770 1724 1793 more
1737 1759 1922 1804 jacentem

312 1829 558 1863 observassem
575 1823 638 1857 sed
653 1821 843 1869 aliquanto
860 1825 974 1866 magis
995 1829 1187 1853 extensum
1200 1846 1208 1861 ,
1230 1828 1266 1852 et
1282 1816 1519 1852 macilentum
1534 1843 1542 1860 ‚
1556 1820 1704 1849 miratus
1725 1816 1813 1863 quid
1829 1827 1923 1852 esset

311 1891 362 1921 rei
379 1913 387 1929 7
409 1883 483 1918 vidi
508 1893 590 1915 cum
617 1890 765 1927 stupore
790 1887 977 1912 mortuum
996 1888 1079 1909 eum
1104 1887 1190 1909 esse.
1219 1877 1303 1909 Hoc
1321 1879 1399 1922 ipso
1421 1873 1480 1908 die
1504 1878 1625 1907 minor
1647 1871 1711 1906 ille
1730 1872 1862 1908 rubens
1885 1883 1922 1909 et

311 1940 549 1979 sem-odosma
577 1948 612 1971 et
639 1949 726 1971 rana
755 1935 906 1969 arborea
934 1933 1149 1968 tumidiores
1173 1943 1209 1966 et
1237 1938 1340 1980 quasi
1358 1941 1491 1966 unctae
1511 1940 1769 1978 apparuerunt.
1796 1931 1922 1977 Quum

311 2000 381 2035 hae
395 2008 536 2031 muscas
555 1993 696 2028 oblatas
718 2001 926 2035 vorassent,
947 1989 1010 2024 ille
1027 1991 1145 2035 major
1166 1988 1303 2023 abhinc
1324 1988 1443 2023 multo
1468 1998 1634 2035 tempore
1651 1986 1704 2021 nil
1724 1987 1794 2021 cibi
1813 1994 1919 2035 cepit.

313 2054 413 2103 Quid
433 2064 561 2088 causae
580 2050 644 2085 fuit
658 2052 672 2085 ἶ)
701 2050 827 2096 Quum
841 2048 904 2084 diu
919 2047 1117 2082 abstemiae
1137 2052 1267 2082 vivant.
1295 2047 1356 2080 An
1376 2045 1510 2093 frigus?
1534 2046 1585 2079 At
1604 2053 1745 2078 ceterae
1759 2044 1921 2089 juniores

311 2111 405 2148 iilud
424 2114 680 2144 sustinuerunt.

386 2169 475 2201 Fine
504 2163 723 2200 Decembris
747 2163 833 2198 bufo
861 2175 990 2211 parvus
1019 2161 1143 2207 ruber,
1175 2166 1237 2209 qui
1261 2159 1333 2195 fere
1354 2169 1434 2195 toto
1465 2158 1538 2193 hoc
1560 2168 1728 2206 tempore
1751 2169 1921 2205 praesens

313 2224 450 2269 [nerat7
470 2234 588 2257 rursus
607 2226 775 2257 inunctus
794 2225 894 2268 quasi
922 2229 958 2254 et
980 2224 1102 2255 nitens
1123 2223 1299 2267 apparuit.

1811 2273 1920 2306 Initio
