2054 2748
251 142 329 198 148
603 153 1074 185 OBSERVATIONES
1119 153 1490 184 ZOOLoolcau

245 249 280 274 et
300 239 418 274 multo
447 239 553 275 altius
579 238 692 275 altera
714 239 866 274 cochlea
896 250 1018 283 ossea,
1049 249 1143 287 quae
1170 237 1375 287 quadrupla
1402 243 1532 287 prioris
1560 247 1613 273 est
1634 244 1852 286 capacitate,

245 296 376 331 obtuse
396 302 550 344 trigona,
572 298 672 342 cujus
694 307 762 330 tres
783 296 891 330 facies
911 307 989 329 non
1015 308 1095 330 osse
1114 296 1178 331 sed
1197 294 1412 330 membrana
1426 300 1620 330 tenerrima
1639 294 1853 341 formantur,

245 358 283 387 in
300 353 395 388 hauc
421 359 587 389 inseritur
613 353 704 387 alter
725 352 891 387 tracheae
910 365 1040 388 ramus.
1066 354 1163 400 Ergo
1186 354 1429 400 Merganseris
1449 351 1584 387 femina
1604 365 1679 387 esse
1703 357 1853 400 nequit,

245 416 297 445 uti
321 411 551 446 contendunt
566 419 745 444 nostrates
765 416 964 457 piscatores
980 419 1016 444 et
1029 409 1327 445 Daubentonius.
1356 408 1430 443 Sed
1448 421 1588 443 marem
1604 420 1680 443 esse
1695 418 1854 457 oportet,

247 479 331 501 curn
361 480 478 502 mares
511 469 671 512 juniores
706 466 842 502 similes
871 473 942 502 sint
971 465 1124 502 seminis.
1165 467 1237 502 Pro
1269 471 1442 503 varietate
1475 471 1713 514 merganseris
1743 465 1856 501 habet

246 523 531 559 Bechscemms.

682 616 1408 661 MERGUSCASTOR

318 715 512 748 ΡΕΜΙΝΑΜ
531 714 786 762 praecedentis
802 728 877 750 esse
891 715 1023 750 volunt
1036 724 1213 750 nostrates
1229 720 1436 762 piscatores.
1464 713 1506 748 Id
1526 712 1611 748 inde
1626 717 1724 747 venit
1739 738 1746 756 ,
1766 722 1857 758 quo-

245 774 344 804 nlam
368 771 529 815 juniores
543 781 579 805 et
598 771 768 806 nondum
787 772 938 807 biennes
954 785 1099 821 prorsus
1113 773 1247 807 eodem
1271 781 1355 806 sunt
1375 771 1499 805 colore
1515 782 1588 818 quo
1604 769 1771 803 feminae.
1807 768 1858 802 At

245 832 345 860 enim
376 826 624 873 labyrinthum
649 829 827 864 tracheae.
850 829 984 874 habet,
1022 828 1121 864 unde
1150 839 1291 862 marem
1321 839 1395 861 esse
1419 837 1574 874 oportet.
1613 826 1738 872 Atque
1764 823 1856 858 adeo

244 883 455 918 Pallasius
474 884 573 919 hunc
594 898 672 919 non
696 891 764 920 nisi
787 896 849 921 aut
869 897 1141 933 merganserem
1166 884 1342 919 feminam
1362 895 1460 928 esse,
1480 893 1542 918 aut
1561 884 1743 929 juniorem
1758 881 1857 915 dicit.

244 939 305 974 Illi
330 941 444 986 adeo,
469 947 531 988 qui
551 941 801 986 labyrinthum
828 942 990 987 habent,
1009 944 1168 987 juniores
1186 940 1329 976 suerint.
1355 939 1514 986 Ezzcycl.
1544 939 1714 974 me‘clcod.
1737 937 1858 972 adhuc

245 1001 394 1043 recipit,
422 1006 457 1031 et
477 1007 645 1032 constare
672 1004 816 1044 asserit,
843 999 945 1046 quod
966 999 1105 1032 diversa
1126 1003 1171 1031 sit
1191 1002 1351 1044 species,
1383 1001 1493 1031 etiam
1517 995 1712 1043 Scopolius
1734 1004 1769 1029 et
1788 996 1859 1028 La-

245 1051 402 1088 thamus.

319 1108 451 1142 Alium
471 1109 597 1143 colore
617 1109 842 1157 persimilem
857 1115 929 1144 emi
945 1123 990 1144 ex
1003 1122 1127 1144 museo
1145 1111 1409 1144 Poissonnierii
1426 1109 1495 1143 Ao.
1510 1123 1540 1156 7.
1556 1108 1700 1156 (1799.)
1718 1109 1859 1142 Parisiis

245 1165 405 1200 vendito.
434 1165 509 1200 Sed
538 1166 708 1213 gracilior
732 1177 806 1213 est,
838 1172 957 1215 capite
986 1172 1152 1210 minore,
1181 1175 1297 1201 rostro
1324 1165 1505 1213 longiore.
1533 1164 1631 1200 Gula
1657 1176 1734 1198 non
1764 1163 1857 1199 alba.

244 1222 395 1256 Pennae
421 1221 789 1269 hypochondriorum
816 1236 892 1257 non
919 1229 1065 1257 cinereo
1091 1229 1316 1270 marginatae
1335 1250 1344 1268 ,
1371 1223 1436 1258 sed
1464 1227 1630 1260 tectrices
1657 1226 1859 1270 superiores

245 1283 442 1314 rectricum
459 1277 546 1314 albo
571 1284 794 1328 cinereoquc
816 1279 996 1315 subtiliter
1017 1285 1171 1315 striatae.

661 1391 999 1434 MERGUS
1050 1390 1447 1455 MINUTUS.

309 1490 426 1524 HUNC
439 1486 728 1535 expungendum
746 1499 822 1523 esse
838 1497 873 1523 et
887 1487 1063 1522 feminam
1078 1499 1155 1521 esse
1167 1488 1219 1522 M.
1231 1485 1359 1521 albelli
1372 1486 1481 1522 docet
1492 1486 1647 1522 Pallas.
1659 1487 1858 1536 Besclziisc.

248 1545 470 1580 cleri-ierim.
485 1544 699 1579 Gesellsclt.
711 1544 860 1592 tzacmf.
870 1544 1059 1579 Frelmde.
1084 1544 1125 1578 T.
1142 1545 1196 1578 II.
1206 1557 1243 1591 p.
1256 1544 1335 1579 552.
1348 1546 1541 1579 Consentit
1557 1544 1749 1580 Blochizcs
1768 1545 1860 1581 ibid.

253 1603 296 1636 Τ.
313 1603 390 1637 III.
406 1616 443 1649 ρ.
459 1602 513 1637 5).
525 1611 562 1636 et
573 1600 802 1648 Bufsonius.
818 1603 870 1637 Ut
883 1611 1005 1636 tamen
1020 1600 1115 1635 illud
1130 1600 1250 1635 adhuc
1261 1600 1531 1636 attendendum
1550 1607 1606 1646 sit,
1616 1613 1699 1635 meo
1715 1601 1862 1636 nullum

250 1658 440 1708 speculum
460 1658 601 1693 alarum
623 1670 721 1704 esse,
747 1658 850 1707 quod
876 1660 1060 1692 Linnaeus
1080 1667 1204 1692 tamen
1222 1663 1367 1705 nigrum
1388 1657 1570 1693 adscribit.
1602 1659 1654 1694 Ut
1673 1657 1774 1698 *adeo
1801 1659 1861 1693 vel

250 1715 398 1766 specula
414 1728 491 1750 non
505 1715 599 1750 adeo
616 1726 714 1751 certa
731 1726 768 1751 et
783 1720 991 1751 constantia
1004 1720 1092 1759 sint,
1108 1727 1150 1749 ac
1164 1716 1345 1749 Linnaeus
1358 1713 1548 1762 perhibet,
1561 1714 1620 1749 vel
1634 1714 1723 1749 duas
1737 1725 1861 1750 tamen

251 1779 389 1822 species
409 1785 484 1807 esse
505 1783 694 1821 oporteat:
722 1778 774 1808 uti
793 1785 893 1807 nunc
913 1771 1036 1807 adhuc
1060 1771 1233 1806 Gmelin.
1258 1771 1358 1819 Syst.
1377 1772 1473 1807 Nae.
1494 1784 1528 1819 p.
1544 1772 1624 1818 547.
1639 1781 1675 1806 et
1690 1772 1769 1813 548.
1793 1778 1861 1807 mi-

250 1841 382 1867 nutum
394 1829 588 1866 abalbello
604 1829 740 1866 semina
752 1830 949 1877 distinguit.
963 1829 1022 1864 Sic
1038 1838 1074 1863 et
1083 1830 1339 1863 Bonacerrius
1354 1830 1397 1862 in
1411 1828 1569 1874 Etzcycl.
1583 1827 1698 1863 me'clz.
1710 1828 1816 1875 Spec.
1827 1843 1860 1876 7.

324 1889 377 1923 M.
397 1893 559 1922 minutus
578 1893 798 1922 nostratium
814 1898 964 1935 quoque
983 1890 1196 1920 testimonio
1216 1884 1345 1920 albelli
1364 1884 1497 1921 semina
1511 1894 1574 1920 est.
1603 1884 1675 1919 Sed
1693 1885 1861 1921 tracheae

253 1944 501 1990 labyrinthum
524 1943 653 1989 habet,
669 1954 891 1993 oportetque
905 1938 1046 1977 marem
1065 1954 1150 1977 eum
1164 1955 1250 1977 esse.
1273 1943 1380 1977 Meus
1400 1943 1468 1977 Ao.
1487 1953 1585 1990 1791.
1606 1941 1709 1992 Febr.
1723 1953 1859 1991 captus,

253 2013 291 2038 et
309 2014 394 2037 cum
412 2001 490 2036 aliis
513 2001 671 2036 maribus
685 2008 723 2037 111
750 2001 831 2036 foro
853 2006 1058 2048 expositus,
1083 2000 1184 2045 cujus
1203 2009 1375 2034 truncum
1398 1998 1565 2034 carnibus
1584 1999 1754 2034 orbatum
1769 2013 1860 2036 con-

254 2067 376 2103 servo,
407 2058 552 2093 nullum
574 2058 686 2094 habet
708 2058 981 2105 labyrinthum,
1008 2056 1178 2104 adeoque
1202 2066 1256 2091 est
1282 2056 1443 2102 femina,
1467 2066 1504 2091 et
1530 2055 1650 2091 differt
1672 2069 1693 2090 a
1715 2062 1858 2092 minuto

254 2129 392 2163 merge.
419 2117 550 2164 Neque
569 2121 678 2150 etiam
698 2122 825 2164 utique
841 2128 922 2150 cum
944 2117 1096 2149 Linnaei
1116 2112 1329 2148 definitione
1351 2119 1534 2149 convenit.
1562 2114 1659 2148 Nam
1679 2124 1787 2161 caput
1802 2127 1861 2150 ca-

255 2184 422 2210 staneum
439 2201 447 2218 ,
469 2173 636 2220 jugulum
654 2183 690 2207 ct
710 2173 794 2219 gula
809 2173 904 2208 alba.
931 2173 1102 2218 Remiges
1121 2170 1356 2207 secundariae
1374 2177 1497 2218 apice,
1512 2179 1548 2205 et
1570 2175 1735 2205 tectrices
1755 2176 1861 2218 primi

258 2231 394 2267 ordinis
418 2230 548 2277 albae,
571 2230 670 2266 unde
696 2230 789 2266 duae
812 2229 942 2266 fasciae
962 2228 1067 2264 albae
1086 2227 1229 2264 mediae
1249 2227 1341 2264 alae.
1370 2229 1493 2265 Etiam
1513 2232 1678 2264 tectrices
1695 2230 1874 2276 superio-'²
