2054 2748
245 199 295 249 14
610 200 1088 233 OBSERVATIONES
1135 201 1496 231 ZOOLOGICAE.

312 289 342 324 5.
370 289 479 324 Duae
504 289 726 336 apophyses
756 287 898 324 validae
927 286 1097 322 laterales
1126 292 1165 321 in
1192 296 1316 322 sextae
1342 286 1529 323 vertebrae
1558 286 1648 323 colli
1676 300 1850 338 corpore,

237 353 443 382 introrsum.

312 413 343 446 4.
362 404 546 439 Scernum
567 403 748 447 validum,
770 414 935 447 osseum,
959 406 1181 447 cannatum,
1211 401 1284 437 sere
1304 412 1344 437 ut
1370 407 1409 436 in
1427 402 1553 438 avibus
1570 431 1578 448 ,
1605 404 1854 452 apophysibus

239 461 379 497 duabus
406 461 654 505 validissimis,
683 465 721 494 in
749 472 890 494 summa
919 469 1043 508 parte,
1069 472 1162 508 quae
1188 465 1227 493 in
1254 471 1370 494 unum
1391 472 1431 494 os
1454 461 1675 506 conjunctae
1708 467 1745 495 in
1766 461 1853 496 loco

238 519 301 554 ubi
331 531 415 553 cum
443 525 560 567 prima
587 527 687 552 costa
713 517 954 552 articulantur
976 517 1201 565 singularem
1226 516 1412 552 foveolam
1442 517 1678 565 glenoideam
1705 518 1854 553 habent.

239 575 413 611 Sternum
433 576 503 610 hoc
518 582 555 608 in
569 580 778 609 universum
793 580 1011 623 triquetrum
1031 585 1105 620 est,
1124 580 1220 610 intus
1238 575 1353 610 modo
1370 574 1543 623 planum,
1564 585 1667 610 extus
1682 585 1719 610 et
1733 581 1855 611 antice

241 638 279 667 in
300 639 445 667 cristam
470 630 780 678 longitudinalem
801 644 1061 680 compressum.
1088 632 1238 667 Ossibus
1259 635 1497 681 componitur
1516 638 1690 681 quinque.

288 691 427 724 Eorum
438 694 596 737 prunum
611 694 814 723 maximum
829 695 996 724 omnium
1009 717 1017 734 ‚
1030 689 1310 734 validissimum⁷
1322 690 1473 725 obverse
1492 689 1706 735 cordatum,
1723 702 1856 725 manu-

238 746 308 781 brii
338 746 476 780 scilicet
507 745 755 794 subquadrato
787 745 929 780 laterali
961 751 1133 795 utrinque
1158 760 1329 796 processu
1358 746 1544 782 claviculis
1564 757 1762 795 costaeque
1781 753 1855 796 pri-

237 816 320 838 mae
339 805 525 849 junctum,
559 813 662 837 extus
688 809 727 837 in
756 809 917 838 carinam
945 804 1170 851 productum
1200 803 1399 848 bifurcam,
1432 810 1596 851 margine
1625 805 1748 839 medio
1774 810 1856 839 sinu

239 859 454 909 exsculpt03
475 860 679 894 secundum
704 865 920 908 triquetrum
942 859 1128 896 facieculis
1150 860 1264 896 tribus
1286 860 1520 909 aequalibus,
1546 861 1724 909 apophysi
1747 861 1856 896 desti-

238 927 378 961 tutum3
410 923 579 962 tertium,
609 927 780 965 quartum
809 923 1055 966 quintumque
1079 929 1182 954 extus
1212 924 1356 953 cristata
1382 923 1420 952 iu
1454 922 1616 952 carinam
1641 923 1858 952 continuam

238 980 373 1009 sensim
390 974 673 1010 decrescentem.
703 974 856 1010 Sextum
875 981 903 1009 si
924 976 1013 1010 velis
1033 975 1166 1011 format
1182 974 1391 1024 apophysin
1410 973 1646 1009 ensiformem
1659 1001 1668 1019 ‚
1687 980 1858 1010 extremis

239 1031 449 1075 dilatatam,
476 1038 662 1080 superiore
684 1032 803 1067 multo
828 1032 969 1068 latiore.

312 1089 343 1124 5.
374 1088 612 1124 Clavicnlae
633 1088 873 1123 validissimae
892 1102 1034 1124 sursum
1057 1102 1257 1126 convexae.

311 1145 343 1181 6.
374 1146 515 1181 Coscae
535 1146 815 1194 quatuordecim
828 1175 836 1191 ,
857 1159 1010 1195 quarum
1030 1159 1137 1182 verae
1156 1157 1298 1196 septem
1321 1146 1552 1194 totIdemque
1570 1151 1735 1195 spui-lae,
1754 1145 1859 1181 nulla

238 1211 340 1250 parte
362 1203 640 1250 cartilagineae,
661 1204 724 1238 sed
745 1214 844 1239 totae
863 1216 1005 1248 osseae,
1028 1210 1066 1238 in
1086 1204 1175 1239 duas
1191 1213 1334 1252 partes,
1361 1209 1414 1238 uti
1437 1209 1476 1237 in
1498 1203 1643 1248 avibus,
1670 1202 1718 1237 ad
1741 1216 1858 1250 angu-

238 1258 336 1302 lum,
355 1259 419 1292 sed
434 1269 556 1294 sterno
576 1266 726 1307 propius
747 1273 858 1307 quam
881 1266 919 1294 in
941 1260 1013 1295 illis
1036 1261 1180 1296 divisae.
1210 1260 1361 1308 Spuriae
1381 1269 1504 1295 costae
1530 1271 1654 1295 tamen
1677 1259 1861 1307 cartilagi-

238 1327 325 1350 nem
344 1314 492 1350 habent.
520 1317 609 1349 Non
632 1325 758 1349 autem
784 1322 1118 1364 supernumerarias
1138 1322 1313 1352 varietate
1333 1316 1477 1364 aliqua,
1505 1322 1559 1351 uti
1585 1322 1758 1364 suspicari
1782 1321 1862 1364 quis

238 1380 387 1419 posset,
415 1381 449 1404 et
474 1381 616 1417 praeter
644 1382 813 1404 naturam
839 1383 1049 1416 praesentes
1074 1373 1221 1402 ultimas
1244 1383 1364 1402 costas
1389 1385 1466 1402 esse
1486 1378 1525 1403 in
1545 1382 1672 1404 nostro
1697 1372 1861 1416 animali,

240 1427 303 1463 sed
323 1426 479 1461 naturali
501 1425 615 1460 modo
639 1437 676 1458 se
696 1424 850 1467 habere,
878 1436 924 1458 ex
946 1436 990 1457 eo
1011 1433 1111 1472 patet
1133 1423 1236 1472 quod
1259 1424 1543 1472 quatuordecim
1564 1438 1715 1474 quoque.
1740 1427 1862 1463 adsint

241 1482 431 1520 vertebrae
460 1481 621 1517 dorsales
648 1491 880 1529 quatuorque
913 1479 1117 1525 lumbares,
1146 1494 1255 1529 quem
1285 1486 1529 1529 posteriorem
1555 1495 1751 1517 numerum
1776 1497 1862 1520 suae

242 1553 392 1591 quoque
413 1545 546 1588 speciei
567 1538 692 1573 tribuit
718 1538 966 1573 Danbencon
987 1539 1029 1572 in
1045 1538 1135 1573 lzisc.
1152 1549 1233 1573 nac.
1253 1551 1343 1585 gen.
1364 1547 1403 1573 ec
1418 1548 1520 1586 parc.
1549 1539 1593 1575 T.
1612 1541 1664 1574 X.
1675 1554 1712 1588 p.
1729 1541 1786 1588 75.
1803 1547 1859 1589 74.

316 1612 349 1645 7.
375 1597 606 1645 Apoplzysis
625 1595 863 1631 coracoldecz
886 1594 1058 1643 scapulae
1080 1607 1234 1643 magna,
1261 1595 1392 1631 valida.

317 1655 348 1689 8.
377 1654 557 1700 Scapula
582 1659 657 1701 ipsa
682 1652 915 1700 longitudine
943 1662 979 1686 et
1002 1658 1168 1700 angustia
1193 1653 1240 1687 ad
1269 1658 1390 1687 avium
1419 1653 1609 1702 scapulam
1635 1655 1796 1699 accedit,
1820 1665 1862 1691 ut

243 1722 368 1747 tamen
396 1710 552 1745 formam
576 1720 869 1758 structuramque
896 1709 1067 1758 scapulae
1095 1722 1242 1758 prorsus
1267 1720 1405 1756 servet,
1435 1723 1521 1745 cum
1543 1717 1666 1759 spina,
1691 1722 1759 1747 etc.
1787 1711 1861 1748 Sed

243 1768 291 1803 ad
311 1768 492 1803 decimam
516 1780 632 1816 usque
655 1778 796 1803 costam
817 1767 1018 1802 descendit.

316 1837 348 1873 9.
374 1827 416 1860 In
433 1825 820 1878 pelviwtuberositates
845 1830 932 1859 ossis
956 1824 1062 1859 lschii
1082 1831 1283 1861 connivent
1304 1835 1339 1860 et
1362 1825 1474 1873 plane
1498 1826 1788 1872 conjunguntur3
1809 1831 1860 1862 sic

245 1892 282 1918 et
300 1888 393 1916 rami
412 1888 499 1917 ossis
517 1875 622 1930 p'ubis
643 1888 759 1931 quiin
783 1882 936 1916 homine
961 1882 1172 1930 divergunt,
1197 1888 1234 1917 in
1255 1882 1511 1918 semilunarem
1534 1881 1689 1917 formam
1709 1896 1861 1919 curvan-

246 1949 321 1983 tur,
345 1949 381 1974 et
397 1938 538 1973 inferne
556 1939 623 1974 sibi
646 1950 864 1985 occurrunt,
889 1938 1072 1987 simulque
1093 1939 1391 1975 tuberositatibus
1415 1945 1501 1974 ossis
1522 1939 1629 1974 Ischii
1649 1941 1861 1989 junguntur,

247 2006 283 2031 et
305 2009 480 2044 magnum
500 1996 665 2032 [oramen
684 2002 843 2033 anterius
862 1996 1039 2042 formant,
1065 2002 1124 2031 cui
1146 2010 1167 2031 a
1189 1997 1302 2033 latere
1327 1998 1401 2033 duo
1423 1997 1603 2032 foramina
1625 1997 1744 2033 ovalia
1768 2011 1859 2032 con-

248 2063 349 2089 sueta
373 2054 552 2099 adjacent.

324 2124 374 2146 10.
399 2112 553 2158 Coccyoe
571 2111 731 2160 denique
750 2124 978 2160 compressus
991 2141 999 2157 ‚
1025 2118 1232 2147 incurvatus
1261 2117 1299 2147 in
1321 2124 1465 2158 arcum,
1497 2118 1631 2161 pariter
1650 2125 1735 2147 cum
1754 2112 1858 2148 tube-

250 2168 455 2203 rositatibus
476 2174 563 2203 ossis
588 2169 694 2204 Ischii
718 2171 951 2218 conjungittu·
970 2175 1060 2205 mira
1079 2182 1224 2218 prorsus
1245 2168 1550 2205 conformatione.

328 2240 377 2260 11.
402 2227 443 2261 In
462 2232 566 2275 apice
585 2225 756 2274 scapulae
787 2226 910 2264 adhuc
940 2227 1120 2276 epiphysis
1147 2227 1403 2275 cartilaginea3
1426 2227 1510 2264 licet
1529 2226 1700 2263 adultum
1722 2225 1859 2262 animal

251 2294 325 2316 esse
345 2294 389 2316 ex
408 2283 577 2319 omnibus
597 2294 780 2333 appareat.
