<?xml version="1.0" encoding="UTF-8"?>
<!DOCTYPE html PUBLIC "-//W3C//DTD XHTML 1.0 Transitional//EN"
    "http://www.w3.org/TR/xhtml1/DTD/xhtml1-transitional.dtd">
<html xmlns="http://www.w3.org/1999/xhtml" xml:lang="en" lang="en">
 <head>
  <title>
</title>
<meta http-equiv="Content-Type" content="text/html;charset=utf-8" />
  <meta name='ocr-system' content='tesseract 3.04.00' />
  <meta name='ocr-capabilities' content='ocr_page ocr_carea ocr_par ocr_line ocrx_word'/>
</head>
<body>
  <div class='ocr_page' id='page_1' title='image "./observationeszoo00herm_0046.png"; bbox 0 0 2054 2748; ppageno 0'>
   <div class='ocr_carea' id='block_1_1' title="bbox 298 201 1534 250">
    <p class='ocr_par' dir='ltr' id='par_1_1' title="bbox 298 201 1534 250">
     <span class='ocr_line' id='line_1_1' title="bbox 298 201 1534 250; baseline 0.002 -15"><span class='ocrx_word' id='word_1_1' title='bbox 298 207 352 250; x_wconf 58' lang='grc'>50</span> <span class='ocrx_word' id='word_1_2' title='bbox 656 201 1127 234; x_wconf 83' lang='lat' dir='ltr'>OBSERVATIONES</span> <span class='ocrx_word' id='word_1_3' title='bbox 1176 204 1534 237; x_wconf 87' lang='lat' dir='ltr'>ZOOLOGICAE.</span> 
     </span>
    </p>
   </div>
   <div class='ocr_carea' id='block_1_2' title="bbox 290 289 1904 796">
    <p class='ocr_par' dir='ltr' id='par_1_2' title="bbox 292 289 1904 511">
     <span class='ocr_line' id='line_1_2' title="bbox 365 289 1904 339; baseline 0.004 -14"><span class='ocrx_word' id='word_1_4' title='bbox 365 289 588 339; x_wconf 77' lang='lat' dir='ltr'>Exemplum</span> <span class='ocrx_word' id='word_1_5' title='bbox 610 295 709 325; x_wconf 86' lang='lat' dir='ltr'>canis</span> <span class='ocrx_word' id='word_1_6' title='bbox 729 296 888 324; x_wconf 82' lang='lat' dir='ltr'>musicae</span> <span class='ocrx_word' id='word_1_7' title='bbox 911 301 989 323; x_wconf 86' lang='lat' dir='ltr'>non</span> <span class='ocrx_word' id='word_1_8' title='bbox 1009 294 1165 324; x_wconf 88' lang='lat' dir='ltr'>amantis</span> <span class='ocrx_word' id='word_1_9' title='bbox 1186 289 1297 325; x_wconf 86' lang='lat' dir='ltr'>habet</span> <span class='ocrx_word' id='word_1_10' title='bbox 1319 291 1449 325; x_wconf 67' lang='lat' dir='ltr'>Smc‘clc</span> <span class='ocrx_word' id='word_1_11' title='bbox 1472 292 1566 328; x_wconf 74' lang='lat' dir='ltr'>iiber</span> <span class='ocrx_word' id='word_1_12' title='bbox 1585 293 1649 329; x_wconf 74' lang='lat' dir='ltr'>die</span> <span class='ocrx_word' id='word_1_13' title='bbox 1667 295 1805 332; x_wconf 66' lang='lat' dir='ltr'>Nabar</span> <span class='ocrx_word' id='word_1_14' title='bbox 1820 296 1904 332; x_wconf 81' lang='lat' dir='ltr'>und</span> 
     </span>
     <span class='ocr_line' id='line_1_3' title="bbox 292 346 1902 400; baseline 0.002 -16"><span class='ocrx_word' id='word_1_15' title='bbox 292 349 573 396; x_wconf 71' lang='lat' dir='ltr'>Bescimmzmg</span> <span class='ocrx_word' id='word_1_16' title='bbox 589 348 660 382; x_wconf 82' lang='lat' dir='ltr'>cler</span> <span class='ocrx_word' id='word_1_17' title='bbox 679 348 825 382; x_wconf 71' lang='lat' dir='ltr'>leiele.</span> <span class='ocrx_word' id='word_1_18' title='bbox 847 346 992 394; x_wconf 63' lang='lat' dir='ltr'>¹793·l³·</span> <span class='ocrx_word' id='word_1_19' title='bbox 1007 348 1087 382; x_wconf 59' lang='lat'>280.</span> <span class='ocrx_word' id='word_1_20' title='bbox 1116 346 1183 381; x_wconf 85' lang='lat' dir='ltr'>Ille</span> <span class='ocrx_word' id='word_1_21' title='bbox 1200 347 1365 395; x_wconf 79' lang='lat' dir='ltr'>pandura</span> <span class='ocrx_word' id='word_1_22' title='bbox 1389 359 1584 385; x_wconf 83' lang='lat' dir='ltr'>canentem</span> <span class='ocrx_word' id='word_1_23' title='bbox 1606 352 1701 399; x_wconf 89' lang='lat' dir='ltr'>pede</span> <span class='ocrx_word' id='word_1_24' title='bbox 1725 358 1902 400; x_wconf 80' lang='lat' dir='ltr'>stringere</span> 
     </span>
     <span class='ocr_line' id='line_1_4' title="bbox 292 403 1902 454; baseline 0.003 -14"><span class='ocrx_word' id='word_1_25' title='bbox 292 411 441 454; x_wconf 87' lang='lat' dir='ltr'>coepit,</span> <span class='ocrx_word' id='word_1_26' title='bbox 472 415 512 439; x_wconf 85' lang='lat' dir='ltr'>ut</span> <span class='ocrx_word' id='word_1_27' title='bbox 539 410 695 439; x_wconf 78' lang='lat' dir='ltr'>musicus</span> <span class='ocrx_word' id='word_1_28' title='bbox 726 404 931 447; x_wconf 73' lang='lat' dir='ltr'><strong>desisteret,</strong></span> <span class='ocrx_word' id='word_1_29' title='bbox 963 403 1145 452; x_wconf 85' lang='lat' dir='ltr'>plectrum</span> <span class='ocrx_word' id='word_1_30' title='bbox 1173 410 1283 439; x_wconf 85' lang='lat' dir='ltr'>etiam</span> <span class='ocrx_word' id='word_1_31' title='bbox 1308 404 1458 440; x_wconf 80' lang='lat' dir='ltr'>abstulit</span> <span class='ocrx_word' id='word_1_32' title='bbox 1482 417 1518 442; x_wconf 86' lang='lat' dir='ltr'>et</span> <span class='ocrx_word' id='word_1_33' title='bbox 1545 407 1788 445; x_wconf 80' lang='lat' dir='ltr'>abscondidit.</span> <span class='ocrx_word' id='word_1_34' title='bbox 1828 410 1902 445; x_wconf 87' lang='lat' dir='ltr'>Sed</span> 
     </span>
     <span class='ocr_line' id='line_1_5' title="bbox 292 460 1810 511; baseline 0.003 -14"><span class='ocrx_word' id='word_1_35' title='bbox 292 469 419 511; x_wconf 82' lang='lat' dir='ltr'>utique</span> <span class='ocrx_word' id='word_1_36' title='bbox 436 462 624 511; x_wconf 86' lang='lat' dir='ltr'>pandurae</span> <span class='ocrx_word' id='word_1_37' title='bbox 641 473 751 509; x_wconf 84' lang='lat' dir='ltr'>quam</span> <span class='ocrx_word' id='word_1_38' title='bbox 770 460 947 495; x_wconf 89' lang='lat' dir='ltr'>violinam</span> <span class='ocrx_word' id='word_1_39' title='bbox 967 461 1114 503; x_wconf 86' lang='lat' dir='ltr'>dicunt,</span> <span class='ocrx_word' id='word_1_40' title='bbox 1134 467 1277 496; x_wconf 78' lang='lat' dir='ltr'>acutior</span> <span class='ocrx_word' id='word_1_41' title='bbox 1298 475 1410 496; x_wconf 85' lang='lat' dir='ltr'>sonus</span> <span class='ocrx_word' id='word_1_42' title='bbox 1430 475 1542 511; x_wconf 87' lang='lat' dir='ltr'>quam</span> <span class='ocrx_word' id='word_1_43' title='bbox 1564 464 1810 501; x_wconf 87' lang='lat' dir='ltr'>clavichordii.</span> 
     </span>
    </p>

    <p class='ocr_par' dir='ltr' id='par_1_3' title="bbox 290 518 1903 796">
     <span class='ocr_line' id='line_1_6' title="bbox 365 518 1902 570; baseline 0.003 -16"><span class='ocrx_word' id='word_1_44' title='bbox 365 521 426 554; x_wconf 90' lang='lat' dir='ltr'>De</span> <span class='ocrx_word' id='word_1_45' title='bbox 449 519 522 554; x_wconf 83' lang='lat' dir='ltr'>alio</span> <span class='ocrx_word' id='word_1_46' title='bbox 539 532 629 553; x_wconf 86' lang='lat' dir='ltr'>cane</span> <span class='ocrx_word' id='word_1_47' title='bbox 652 526 836 562; x_wconf 78' lang='lat' dir='ltr'>narratur,</span> <span class='ocrx_word' id='word_1_48' title='bbox 855 524 917 566; x_wconf 84' lang='lat' dir='ltr'>qui</span> <span class='ocrx_word' id='word_1_49' title='bbox 937 518 1029 552; x_wconf 87' lang='lat' dir='ltr'>adeo</span> <span class='ocrx_word' id='word_1_50' title='bbox 1048 530 1175 553; x_wconf 87' lang='lat' dir='ltr'>amans</span> <span class='ocrx_word' id='word_1_51' title='bbox 1194 529 1270 554; x_wconf 85' lang='lat' dir='ltr'>erat</span> <span class='ocrx_word' id='word_1_52' title='bbox 1289 525 1449 554; x_wconf 81' lang='lat' dir='ltr'>musicae</span> <span class='ocrx_word' id='word_1_53' title='bbox 1464 548 1472 564; x_wconf 87' lang='lat'>,</span> <span class='ocrx_word' id='word_1_54' title='bbox 1495 531 1535 556; x_wconf 88' lang='lat' dir='ltr'>ut</span> <span class='ocrx_word' id='word_1_55' title='bbox 1555 522 1720 570; x_wconf 80' lang='lat' dir='ltr'>quotidie</span> <span class='ocrx_word' id='word_1_56' title='bbox 1741 528 1902 559; x_wconf 84' lang='lat' dir='ltr'>musicae</span> 
     </span>
     <span class='ocr_line' id='line_1_7' title="bbox 291 575 1902 623; baseline 0.002 -11"><span class='ocrx_word' id='word_1_57' title='bbox 291 576 448 612; x_wconf 78' lang='lat' dir='ltr'>bellicae</span> <span class='ocrx_word' id='word_1_58' title='bbox 468 581 664 620; x_wconf 74' lang='lat' dir='ltr'>assisteret,</span> <span class='ocrx_word' id='word_1_59' title='bbox 684 587 777 623; x_wconf 86' lang='lat' dir='ltr'>quae</span> <span class='ocrx_word' id='word_1_60' title='bbox 797 581 891 610; x_wconf 88' lang='lat' dir='ltr'>inter</span> <span class='ocrx_word' id='word_1_61' title='bbox 909 581 1080 610; x_wconf 83' lang='lat' dir='ltr'>exercitia</span> <span class='ocrx_word' id='word_1_62' title='bbox 1097 575 1267 610; x_wconf 84' lang='lat' dir='ltr'>militaria</span> <span class='ocrx_word' id='word_1_63' title='bbox 1288 576 1511 621; x_wconf 70' lang='lat' dir='ltr'>celebratur,</span> <span class='ocrx_word' id='word_1_64' title='bbox 1531 578 1617 613; x_wconf 87' lang='lat' dir='ltr'>inde</span> <span class='ocrx_word' id='word_1_65' title='bbox 1633 584 1742 614; x_wconf 88' lang='lat' dir='ltr'>etiam</span> <span class='ocrx_word' id='word_1_66' title='bbox 1760 593 1902 616; x_wconf 85' lang='lat' dir='ltr'>nomen</span> 
     </span>
     <span class='ocr_line' id='line_1_8' title="bbox 290 631 1903 685; baseline 0.002 -16"><span class='ocrx_word' id='word_1_67' title='bbox 290 635 452 669; x_wconf 57' lang='lat' dir='ltr'>Parada</span> <span class='ocrx_word' id='word_1_68' title='bbox 474 638 600 667; x_wconf 78' lang='lat' dir='ltr'>musici</span> <span class='ocrx_word' id='word_1_69' title='bbox 620 631 795 667; x_wconf 83' lang='lat' dir='ltr'>militares</span> <span class='ocrx_word' id='word_1_70' title='bbox 818 632 874 667; x_wconf 86' lang='lat' dir='ltr'>illi</span> <span class='ocrx_word' id='word_1_71' title='bbox 897 631 1100 678; x_wconf 78' lang='lat' dir='ltr'>dederunt,</span> <span class='ocrx_word' id='word_1_72' title='bbox 1126 643 1161 667; x_wconf 84' lang='lat' dir='ltr'>et</span> <span class='ocrx_word' id='word_1_73' title='bbox 1180 632 1329 668; x_wconf 82' lang='lat' dir='ltr'>alternis</span> <span class='ocrx_word' id='word_1_74' title='bbox 1348 633 1485 669; x_wconf 82' lang='lat' dir='ltr'>vicibus</span> <span class='ocrx_word' id='word_1_75' title='bbox 1504 639 1703 673; x_wconf 85' lang='lat' dir='ltr'>invitarunt</span> <span class='ocrx_word' id='word_1_76' title='bbox 1723 637 1770 672; x_wconf 87' lang='lat' dir='ltr'>ad</span> <span class='ocrx_word' id='word_1_77' title='bbox 1793 650 1903 685; x_wconf 89' lang='lat' dir='ltr'>pran-</span> 
     </span>
     <span class='ocr_line' id='line_1_9' title="bbox 290 689 1903 742; baseline 0.002 -16"><span class='ocrx_word' id='word_1_78' title='bbox 290 692 412 734; x_wconf 74' lang='lat' dir='ltr'>dium,</span> <span class='ocrx_word' id='word_1_79' title='bbox 445 696 583 738; x_wconf 79' lang='lat' dir='ltr'>vesperi</span> <span class='ocrx_word' id='word_1_80' title='bbox 608 689 805 725; x_wconf 79' lang='lat' dir='ltr'>theatrales</span> <span class='ocrx_word' id='word_1_81' title='bbox 833 695 988 725; x_wconf 86' lang='lat' dir='ltr'>musicas</span> <span class='ocrx_word' id='word_1_82' title='bbox 1016 689 1282 739; x_wconf 84' lang='lat' dir='ltr'>frequentabat.</span> <span class='ocrx_word' id='word_1_83' title='bbox 1317 691 1634 728; x_wconf 74' lang='lat' dir='ltr'>L&#39;Observacem·</span> <span class='ocrx_word' id='word_1_84' title='bbox 1655 696 1903 742; x_wconf 72' lang='lat' dir='ltr'>patriociqzce</span> 
     </span>
     <span class='ocr_line' id='line_1_10' title="bbox 290 747 809 796; baseline -0.002 -13"><span class='ocrx_word' id='word_1_85' title='bbox 290 749 334 783; x_wconf 84' lang='grc' dir='ltr'>Λ.</span> <span class='ocrx_word' id='word_1_86' title='bbox 357 750 413 782; x_wconf 70' lang='lat' dir='ltr'>VI.</span> <span class='ocrx_word' id='word_1_87' title='bbox 435 747 464 783; x_wconf 70' lang='grc' dir='ltr'>ὃ.</span> <span class='ocrx_word' id='word_1_88' title='bbox 482 747 640 782; x_wconf 84' lang='lat' dir='ltr'>Fructid.</span> <span class='ocrx_word' id='word_1_89' title='bbox 661 756 711 782; x_wconf 73' lang='grc' dir='ltr'>11.Ο</span> <span class='ocrx_word' id='word_1_90' title='bbox 733 748 809 796; x_wconf 72' lang='grc'>519.</span> 
     </span>
    </p>
   </div>
   <div class='ocr_carea' id='block_1_3' title="bbox 286 804 1906 2334">
    <p class='ocr_par' dir='ltr' id='par_1_4' title="bbox 289 804 1901 914">
     <span class='ocr_line' id='line_1_11' title="bbox 362 804 1901 859; baseline 0.004 -21"><span class='ocrx_word' id='word_1_91' title='bbox 362 804 483 840; x_wconf 80' lang='lat' dir='ltr'>Habui</span> <span class='ocrx_word' id='word_1_92' title='bbox 503 805 729 852; x_wconf 81' lang='lat' dir='ltr'>caniculam,</span> <span class='ocrx_word' id='word_1_93' title='bbox 755 819 850 857; x_wconf 80' lang='lat' dir='ltr'>quae</span> <span class='ocrx_word' id='word_1_94' title='bbox 871 819 915 844; x_wconf 90' lang='lat' dir='ltr'>eo</span> <span class='ocrx_word' id='word_1_95' title='bbox 931 818 984 845; x_wconf 84' lang='lat' dir='ltr'>est</span> <span class='ocrx_word' id='word_1_96' title='bbox 1005 812 1154 859; x_wconf 82' lang='lat' dir='ltr'>ingenio</span> <span class='ocrx_word' id='word_1_97' title='bbox 1175 808 1388 858; x_wconf 83' lang='lat' dir='ltr'>sybaritico,</span> <span class='ocrx_word' id='word_1_98' title='bbox 1406 820 1447 847; x_wconf 90' lang='lat' dir='ltr'>ut</span> <span class='ocrx_word' id='word_1_99' title='bbox 1466 809 1633 847; x_wconf 88' lang='lat' dir='ltr'>cubitum</span> <span class='ocrx_word' id='word_1_100' title='bbox 1653 814 1746 846; x_wconf 83' lang='lat' dir='ltr'>itura</span> <span class='ocrx_word' id='word_1_101' title='bbox 1761 809 1901 845; x_wconf 85' lang='lat' dir='ltr'>lectum</span> 
     </span>
     <span class='ocr_line' id='line_1_12' title="bbox 289 863 1560 914; baseline 0.006 -17"><span class='ocrx_word' id='word_1_102' title='bbox 289 872 444 908; x_wconf 85' lang='lat' dir='ltr'>sternat,</span> <span class='ocrx_word' id='word_1_103' title='bbox 470 875 532 897; x_wconf 90' lang='lat' dir='ltr'>ore</span> <span class='ocrx_word' id='word_1_104' title='bbox 546 863 815 911; x_wconf 80' lang='lat' dir='ltr'>prehendendo</span> <span class='ocrx_word' id='word_1_105' title='bbox 839 876 875 902; x_wconf 86' lang='lat' dir='ltr'>et</span> <span class='ocrx_word' id='word_1_106' title='bbox 896 868 1165 914; x_wconf 84' lang='lat' dir='ltr'>convellendo,</span> <span class='ocrx_word' id='word_1_107' title='bbox 1192 878 1233 904; x_wconf 88' lang='lat' dir='ltr'>ut</span> <span class='ocrx_word' id='word_1_108' title='bbox 1251 869 1403 904; x_wconf 87' lang='lat' dir='ltr'>mollior</span> <span class='ocrx_word' id='word_1_109' title='bbox 1421 869 1560 904; x_wconf 87' lang='lat' dir='ltr'>evadat.</span> 
     </span>
    </p>

    <p class='ocr_par' dir='ltr' id='par_1_5' title="bbox 286 923 1906 2265">
     <span class='ocr_line' id='line_1_13' title="bbox 361 923 1902 973; baseline 0.002 -18"><span class='ocrx_word' id='word_1_110' title='bbox 361 923 435 956; x_wconf 90' lang='lat' dir='ltr'>Cur</span> <span class='ocrx_word' id='word_1_111' title='bbox 457 933 588 968; x_wconf 81' lang='lat' dir='ltr'>parvae</span> <span class='ocrx_word' id='word_1_112' title='bbox 620 923 809 959; x_wconf 81' lang='lat' dir='ltr'>caniculae</span> <span class='ocrx_word' id='word_1_113' title='bbox 834 925 927 960; x_wconf 90' lang='lat' dir='ltr'>adeo</span> <span class='ocrx_word' id='word_1_114' title='bbox 950 925 1109 961; x_wconf 83' lang='lat' dir='ltr'>diversae</span> <span class='ocrx_word' id='word_1_115' title='bbox 1132 935 1290 961; x_wconf 86' lang='lat' dir='ltr'>staturae</span> <span class='ocrx_word' id='word_1_116' title='bbox 1321 925 1464 960; x_wconf 88' lang='lat' dir='ltr'>catulos</span> <span class='ocrx_word' id='word_1_117' title='bbox 1489 924 1663 973; x_wconf 67' lang='lat' dir='ltr'>pariunt?</span> <span class='ocrx_word' id='word_1_118' title='bbox 1690 925 1777 959; x_wconf 89' lang='lat' dir='ltr'>Mea</span> <span class='ocrx_word' id='word_1_119' title='bbox 1801 928 1902 958; x_wconf 82' lang='lat' dir='ltr'>cani-</span> 
     </span>
     <span class='ocr_line' id='line_1_14' title="bbox 288 977 1904 1031; baseline 0.002 -19"><span class='ocrx_word' id='word_1_120' title='bbox 288 977 371 1013; x_wconf 84' lang='lat' dir='ltr'>cula</span> <span class='ocrx_word' id='word_1_121' title='bbox 390 984 544 1014; x_wconf 83' lang='lat' dir='ltr'>extraria</span> <span class='ocrx_word' id='word_1_122' title='bbox 563 980 727 1015; x_wconf 86' lang='lat' dir='ltr'>secundo</span> <span class='ocrx_word' id='word_1_123' title='bbox 745 990 851 1029; x_wconf 87' lang='lat' dir='ltr'>partu</span> <span class='ocrx_word' id='word_1_124' title='bbox 864 992 1022 1031; x_wconf 88' lang='lat' dir='ltr'>quatuor</span> <span class='ocrx_word' id='word_1_125' title='bbox 1041 989 1149 1019; x_wconf 77' lang='lat' dir='ltr'>enixa</span> <span class='ocrx_word' id='word_1_126' title='bbox 1168 992 1238 1028; x_wconf 88' lang='lat' dir='ltr'>est,</span> <span class='ocrx_word' id='word_1_127' title='bbox 1254 995 1413 1031; x_wconf 87' lang='lat' dir='ltr'>quorum</span> <span class='ocrx_word' id='word_1_128' title='bbox 1432 995 1525 1017; x_wconf 86' lang='lat' dir='ltr'>unus</span> <span class='ocrx_word' id='word_1_129' title='bbox 1539 986 1733 1026; x_wconf 87' lang='lat' dir='ltr'>minimus,</span> <span class='ocrx_word' id='word_1_130' title='bbox 1755 990 1904 1028; x_wconf 82' lang='lat' dir='ltr'>quartus</span> 
     </span>
     <span class='ocr_line' id='line_1_15' title="bbox 289 1034 1902 1088; baseline 0.002 -20"><span class='ocrx_word' id='word_1_131' title='bbox 289 1034 409 1083; x_wconf 82' lang='lat' dir='ltr'>(solus</span> <span class='ocrx_word' id='word_1_132' title='bbox 429 1047 505 1071; x_wconf 83' lang='lat' dir='ltr'>mas</span> <span class='ocrx_word' id='word_1_133' title='bbox 526 1042 620 1072; x_wconf 83' lang='lat' dir='ltr'>inter</span> <span class='ocrx_word' id='word_1_134' title='bbox 639 1039 815 1086; x_wconf 84' lang='lat' dir='ltr'>quatuor)</span> <span class='ocrx_word' id='word_1_135' title='bbox 839 1046 958 1087; x_wconf 81' lang='lat' dir='ltr'>capite</span> <span class='ocrx_word' id='word_1_136' title='bbox 977 1052 1113 1088; x_wconf 81' lang='lat' dir='ltr'>magno</span> <span class='ocrx_word' id='word_1_137' title='bbox 1135 1045 1208 1074; x_wconf 85' lang='lat' dir='ltr'>cito</span> <span class='ocrx_word' id='word_1_138' title='bbox 1233 1051 1376 1074; x_wconf 85' lang='lat' dir='ltr'>sorores</span> <span class='ocrx_word' id='word_1_139' title='bbox 1394 1051 1475 1073; x_wconf 84' lang='lat' dir='ltr'>suas</span> <span class='ocrx_word' id='word_1_140' title='bbox 1497 1037 1687 1074; x_wconf 81' lang='lat' dir='ltr'>volumine</span> <span class='ocrx_word' id='word_1_141' title='bbox 1711 1042 1902 1084; x_wconf 88' lang='lat' dir='ltr'>superavit,</span> 
     </span>
     <span class='ocr_line' id='line_1_16' title="bbox 287 1092 1903 1144; baseline 0.001 -18"><span class='ocrx_word' id='word_1_142' title='bbox 287 1101 323 1126; x_wconf 84' lang='lat' dir='ltr'>et</span> <span class='ocrx_word' id='word_1_143' title='bbox 343 1092 489 1127; x_wconf 82' lang='lat' dir='ltr'>adultus</span> <span class='ocrx_word' id='word_1_144' title='bbox 511 1093 564 1128; x_wconf 88' lang='lat' dir='ltr'>nil</span> <span class='ocrx_word' id='word_1_145' title='bbox 583 1100 703 1129; x_wconf 87' lang='lat' dir='ltr'>minus</span> <span class='ocrx_word' id='word_1_146' title='bbox 721 1096 788 1130; x_wconf 86' lang='lat' dir='ltr'>suit</span> <span class='ocrx_word' id='word_1_147' title='bbox 812 1109 923 1144; x_wconf 83' lang='lat' dir='ltr'>quam</span> <span class='ocrx_word' id='word_1_148' title='bbox 944 1096 1105 1144; x_wconf 77' lang='lat' dir='ltr'>eleganti</span> <span class='ocrx_word' id='word_1_149' title='bbox 1123 1095 1213 1131; x_wconf 83' lang='lat' dir='ltr'>facie</span> <span class='ocrx_word' id='word_1_150' title='bbox 1234 1095 1446 1144; x_wconf 84' lang='lat' dir='ltr'>habituque.</span> <span class='ocrx_word' id='word_1_151' title='bbox 1474 1097 1546 1130; x_wconf 89' lang='lat' dir='ltr'>Hic</span> <span class='ocrx_word' id='word_1_152' title='bbox 1568 1104 1653 1143; x_wconf 84' lang='lat' dir='ltr'>post</span> <span class='ocrx_word' id='word_1_153' title='bbox 1676 1099 1805 1141; x_wconf 78' lang='lat' dir='ltr'>viginti</span> <span class='ocrx_word' id='word_1_154' title='bbox 1826 1093 1903 1128; x_wconf 85' lang='lat' dir='ltr'>dies</span> 
     </span>
     <span class='ocr_line' id='line_1_17' title="bbox 287 1149 1906 1202; baseline 0.001 -19"><span class='ocrx_word' id='word_1_155' title='bbox 287 1159 363 1184; x_wconf 88' lang='lat' dir='ltr'>erat</span> <span class='ocrx_word' id='word_1_156' title='bbox 383 1151 547 1198; x_wconf 85' lang='lat' dir='ltr'>pondere</span> <span class='ocrx_word' id='word_1_157' title='bbox 566 1151 700 1198; x_wconf 81' lang='lat' dir='ltr'>librae,</span> <span class='ocrx_word' id='word_1_158' title='bbox 715 1153 789 1188; x_wconf 89' lang='lat' dir='ltr'>duo</span> <span class='ocrx_word' id='word_1_159' title='bbox 805 1153 867 1188; x_wconf 89' lang='lat' dir='ltr'>alii</span> <span class='ocrx_word' id='word_1_160' title='bbox 885 1153 1099 1202; x_wconf 82' lang='lat' dir='ltr'>quindecim</span> <span class='ocrx_word' id='word_1_161' title='bbox 1112 1159 1325 1198; x_wconf 87' lang='lat' dir='ltr'>unciarum,</span> <span class='ocrx_word' id='word_1_162' title='bbox 1340 1163 1489 1201; x_wconf 83' lang='lat' dir='ltr'>quartus</span> <span class='ocrx_word' id='word_1_163' title='bbox 1504 1164 1583 1186; x_wconf 89' lang='grc'>11011</span> <span class='ocrx_word' id='word_1_164' title='bbox 1597 1156 1666 1186; x_wconf 85' lang='grc'>11151</span> <span class='ocrx_word' id='word_1_165' title='bbox 1683 1149 1906 1186; x_wconf 77' lang='lat' dir='ltr'>semilibrae.·</span> 
     </span>
     <span class='ocr_line' id='line_1_18' title="bbox 286 1205 1901 1259; baseline -0.001 -17"><span class='ocrx_word' id='word_1_166' title='bbox 286 1207 375 1242; x_wconf 82' lang='lat' dir='ltr'>Post</span> <span class='ocrx_word' id='word_1_167' title='bbox 394 1207 470 1241; x_wconf 86' lang='lat' dir='ltr'>dies</span> <span class='ocrx_word' id='word_1_168' title='bbox 490 1214 638 1257; x_wconf 78' lang='lat' dir='ltr'>triginta</span> <span class='ocrx_word' id='word_1_169' title='bbox 669 1222 733 1244; x_wconf 81' lang='lat' dir='ltr'>sex</span> <span class='ocrx_word' id='word_1_170' title='bbox 756 1223 776 1245; x_wconf 87' lang='lat' dir='ltr'>a</span> <span class='ocrx_word' id='word_1_171' title='bbox 804 1220 911 1259; x_wconf 86' lang='lat' dir='ltr'>partu</span> <span class='ocrx_word' id='word_1_172' title='bbox 940 1210 999 1244; x_wconf 89' lang='lat' dir='ltr'>hic</span> <span class='ocrx_word' id='word_1_173' title='bbox 1019 1215 1170 1257; x_wconf 79' lang='lat' dir='ltr'>exiguus</span> <span class='ocrx_word' id='word_1_174' title='bbox 1190 1221 1269 1243; x_wconf 87' lang='lat' dir='ltr'>non</span> <span class='ocrx_word' id='word_1_175' title='bbox 1292 1214 1360 1243; x_wconf 84' lang='lat' dir='ltr'>nisi</span> <span class='ocrx_word' id='word_1_176' title='bbox 1390 1220 1526 1244; x_wconf 85' lang='lat' dir='ltr'>novem</span> <span class='ocrx_word' id='word_1_177' title='bbox 1547 1212 1673 1242; x_wconf 89' lang='lat' dir='ltr'>uncias</span> <span class='ocrx_word' id='word_1_178' title='bbox 1694 1205 1901 1255; x_wconf 87' lang='lat' dir='ltr'>pendebat,</span> 
     </span>
     <span class='ocr_line' id='line_1_19' title="bbox 286 1262 1906 1313; baseline 0 -17"><span class='ocrx_word' id='word_1_179' title='bbox 286 1262 378 1297; x_wconf 86' lang='lat' dir='ltr'>alter</span> <span class='ocrx_word' id='word_1_180' title='bbox 396 1269 551 1298; x_wconf 87' lang='lat' dir='ltr'>istorum</span> <span class='ocrx_word' id='word_1_181' title='bbox 570 1271 633 1312; x_wconf 88' lang='lat' dir='ltr'>qui</span> <span class='ocrx_word' id='word_1_182' title='bbox 656 1267 870 1313; x_wconf 87' lang='lat' dir='ltr'>quindecim</span> <span class='ocrx_word' id='word_1_183' title='bbox 899 1272 1091 1301; x_wconf 86' lang='lat' dir='ltr'>unciarum</span> <span class='ocrx_word' id='word_1_184' title='bbox 1114 1265 1282 1313; x_wconf 87' lang='lat' dir='ltr'>pondere</span> <span class='ocrx_word' id='word_1_185' title='bbox 1309 1264 1426 1299; x_wconf 85' lang='lat' dir='ltr'>fuerat</span> <span class='ocrx_word' id='word_1_186' title='bbox 1442 1293 1450 1309; x_wconf 87' lang='lat'>,</span> <span class='ocrx_word' id='word_1_187' title='bbox 1469 1266 1544 1310; x_wconf 82' lang='lat' dir='ltr'>jam</span> <span class='ocrx_word' id='word_1_188' title='bbox 1563 1273 1640 1298; x_wconf 85' lang='lat' dir='ltr'>erat</span> <span class='ocrx_word' id='word_1_189' title='bbox 1658 1268 1765 1298; x_wconf 88' lang='lat' dir='ltr'>unius</span> <span class='ocrx_word' id='word_1_190' title='bbox 1790 1262 1906 1296; x_wconf 85' lang='lat' dir='ltr'>librae</span> 
     </span>
     <span class='ocr_line' id='line_1_20' title="bbox 286 1321 1904 1369; baseline 0 -17"><span class='ocrx_word' id='word_1_191' title='bbox 286 1324 451 1366; x_wconf 80' lang='lat' dir='ltr'>quinque</span> <span class='ocrx_word' id='word_1_192' title='bbox 470 1325 663 1354; x_wconf 87' lang='lat' dir='ltr'>unciarum</span> <span class='ocrx_word' id='word_1_193' title='bbox 688 1333 774 1355; x_wconf 87' lang='lat' dir='ltr'>cum</span> <span class='ocrx_word' id='word_1_194' title='bbox 796 1322 959 1356; x_wconf 83' lang='lat' dir='ltr'>dimidia.</span> <span class='ocrx_word' id='word_1_195' title='bbox 984 1322 1197 1369; x_wconf 81' lang='lat' dir='ltr'>Suspicatus</span> <span class='ocrx_word' id='word_1_196' title='bbox 1216 1333 1331 1365; x_wconf 86' lang='lat' dir='ltr'>eram,</span> <span class='ocrx_word' id='word_1_197' title='bbox 1346 1321 1461 1355; x_wconf 89' lang='lat' dir='ltr'>alium</span> <span class='ocrx_word' id='word_1_198' title='bbox 1480 1322 1625 1366; x_wconf 84' lang='lat' dir='ltr'>majoris</span> <span class='ocrx_word' id='word_1_199' title='bbox 1645 1329 1802 1354; x_wconf 82' lang='lat' dir='ltr'>staturae</span> <span class='ocrx_word' id='word_1_200' title='bbox 1817 1331 1904 1366; x_wconf 89' lang='lat' dir='ltr'>pro-</span> 
     </span>
     <span class='ocr_line' id='line_1_21' title="bbox 286 1374 1904 1423; baseline 0.001 -16"><span class='ocrx_word' id='word_1_201' title='bbox 286 1386 372 1408; x_wconf 86' lang='lat' dir='ltr'>cum</span> <span class='ocrx_word' id='word_1_202' title='bbox 390 1374 487 1407; x_wconf 89' lang='lat' dir='ltr'>clam</span> <span class='ocrx_word' id='word_1_203' title='bbox 506 1387 586 1408; x_wconf 87' lang='lat' dir='ltr'>eam</span> <span class='ocrx_word' id='word_1_204' title='bbox 606 1376 823 1421; x_wconf 84' lang='lat' dir='ltr'>implevisse.</span> <span class='ocrx_word' id='word_1_205' title='bbox 852 1377 925 1410; x_wconf 86' lang='lat' dir='ltr'>Sed</span> <span class='ocrx_word' id='word_1_206' title='bbox 947 1390 1064 1420; x_wconf 88' lang='lat' dir='ltr'>quum</span> <span class='ocrx_word' id='word_1_207' title='bbox 1090 1383 1197 1411; x_wconf 86' lang='lat' dir='ltr'>tertia</span> <span class='ocrx_word' id='word_1_208' title='bbox 1219 1387 1255 1411; x_wconf 81' lang='lat' dir='ltr'>et</span> <span class='ocrx_word' id='word_1_209' title='bbox 1277 1377 1406 1411; x_wconf 84' lang='lat' dir='ltr'>ultima</span> <span class='ocrx_word' id='word_1_210' title='bbox 1429 1382 1507 1411; x_wconf 88' lang='lat' dir='ltr'>vice</span> <span class='ocrx_word' id='word_1_211' title='bbox 1530 1382 1744 1422; x_wconf 87' lang='lat' dir='ltr'>parturiret,</span> <span class='ocrx_word' id='word_1_212' title='bbox 1767 1381 1904 1423; x_wconf 86' lang='lat' dir='ltr'>primus</span> 
     </span>
     <span class='ocr_line' id='line_1_22' title="bbox 287 1429 1906 1478; baseline 0.001 -15"><span class='ocrx_word' id='word_1_213' title='bbox 287 1429 428 1464; x_wconf 85' lang='lat' dir='ltr'>catulus</span> <span class='ocrx_word' id='word_1_214' title='bbox 457 1429 605 1476; x_wconf 77' lang='lat' dir='ltr'>elegans</span> <span class='ocrx_word' id='word_1_215' title='bbox 633 1430 877 1477; x_wconf 84' lang='lat' dir='ltr'>parvulusque</span> <span class='ocrx_word' id='word_1_216' title='bbox 904 1429 1040 1477; x_wconf 87' lang='lat' dir='ltr'>prodiit</span> <span class='ocrx_word' id='word_1_217' title='bbox 1071 1435 1297 1476; x_wconf 81' lang='lat' dir='ltr'>sexagesimo</span> <span class='ocrx_word' id='word_1_218' title='bbox 1326 1434 1483 1476; x_wconf 87' lang='lat' dir='ltr'>septimo</span> <span class='ocrx_word' id='word_1_219' title='bbox 1512 1429 1572 1463; x_wconf 88' lang='lat' dir='ltr'>die</span> <span class='ocrx_word' id='word_1_220' title='bbox 1601 1440 1798 1478; x_wconf 86' lang='lat' dir='ltr'>postquam</span> <span class='ocrx_word' id='word_1_221' title='bbox 1828 1444 1906 1466; x_wconf 82' lang='lat' dir='ltr'>mas</span> 
     </span>
     <span class='ocr_line' id='line_1_23' title="bbox 286 1485 1903 1535; baseline 0.002 -15"><span class='ocrx_word' id='word_1_222' title='bbox 286 1492 402 1535; x_wconf 87' lang='lat' dir='ltr'>prima</span> <span class='ocrx_word' id='word_1_223' title='bbox 423 1491 501 1521; x_wconf 84' lang='lat' dir='ltr'>vice</span> <span class='ocrx_word' id='word_1_224' title='bbox 525 1485 702 1521; x_wconf 88' lang='lat' dir='ltr'>admissus</span> <span class='ocrx_word' id='word_1_225' title='bbox 718 1485 842 1521; x_wconf 82' lang='lat' dir='ltr'>fuerat.</span> <span class='ocrx_word' id='word_1_226' title='bbox 871 1488 999 1521; x_wconf 91' lang='lat' dir='ltr'>Certus</span> <span class='ocrx_word' id='word_1_227' title='bbox 1014 1498 1113 1520; x_wconf 88' lang='lat' dir='ltr'>eram</span> <span class='ocrx_word' id='word_1_228' title='bbox 1126 1514 1135 1532; x_wconf 92' lang='lat'>,</span> <span class='ocrx_word' id='word_1_229' title='bbox 1156 1486 1271 1521; x_wconf 86' lang='lat' dir='ltr'>alium</span> <span class='ocrx_word' id='word_1_230' title='bbox 1296 1498 1427 1520; x_wconf 85' lang='lat' dir='ltr'>canem</span> <span class='ocrx_word' id='word_1_231' title='bbox 1446 1498 1569 1520; x_wconf 89' lang='lat' dir='ltr'>meam</span> <span class='ocrx_word' id='word_1_232' title='bbox 1595 1486 1694 1521; x_wconf 91' lang='lat' dir='ltr'>haud</span> <span class='ocrx_word' id='word_1_233' title='bbox 1722 1493 1903 1535; x_wconf 79' lang='lat' dir='ltr'>tetigisse,</span> 
     </span>
     <span class='ocr_line' id='line_1_24' title="bbox 287 1542 1905 1592; baseline 0.001 -13"><span class='ocrx_word' id='word_1_234' title='bbox 287 1553 323 1579; x_wconf 83' lang='lat' dir='ltr'>et</span> <span class='ocrx_word' id='word_1_235' title='bbox 343 1553 467 1578; x_wconf 88' lang='lat' dir='ltr'>tamen</span> <span class='ocrx_word' id='word_1_236' title='bbox 488 1554 602 1590; x_wconf 87' lang='lat' dir='ltr'>quum</span> <span class='ocrx_word' id='word_1_237' title='bbox 621 1555 737 1592; x_wconf 85' lang='lat' dir='ltr'>usque</span> <span class='ocrx_word' id='word_1_238' title='bbox 766 1549 804 1578; x_wconf 87' lang='lat' dir='ltr'>in</span> <span class='ocrx_word' id='word_1_239' title='bbox 832 1548 1098 1591; x_wconf 78' lang='lat' dir='ltr'>sexagesimum</span> <span class='ocrx_word' id='word_1_240' title='bbox 1126 1555 1270 1578; x_wconf 87' lang='lat' dir='ltr'>nonum</span> <span class='ocrx_word' id='word_1_241' title='bbox 1302 1543 1400 1578; x_wconf 88' lang='lat' dir='ltr'>diem</span> <span class='ocrx_word' id='word_1_242' title='bbox 1426 1553 1573 1591; x_wconf 89' lang='lat' dir='ltr'>partum</span> <span class='ocrx_word' id='word_1_243' title='bbox 1606 1542 1797 1579; x_wconf 83' lang='lat' dir='ltr'>absolvere</span> <span class='ocrx_word' id='word_1_244' title='bbox 1827 1557 1905 1580; x_wconf 90' lang='lat' dir='ltr'>non</span> 
     </span>
     <span class='ocr_line' id='line_1_25' title="bbox 287 1600 1904 1649; baseline 0.001 -15"><span class='ocrx_word' id='word_1_245' title='bbox 287 1605 486 1649; x_wconf 84' lang='lat' dir='ltr'>potuisset,</span> <span class='ocrx_word' id='word_1_246' title='bbox 513 1612 599 1635; x_wconf 89' lang='lat' dir='ltr'>ecce</span> <span class='ocrx_word' id='word_1_247' title='bbox 618 1613 655 1634; x_wconf 83' lang='lat' dir='ltr'>se</span> <span class='ocrx_word' id='word_1_248' title='bbox 674 1611 783 1649; x_wconf 89' lang='lat' dir='ltr'>caput</span> <span class='ocrx_word' id='word_1_249' title='bbox 811 1600 918 1636; x_wconf 85' lang='lat' dir='ltr'>offert</span> <span class='ocrx_word' id='word_1_250' title='bbox 942 1606 1102 1635; x_wconf 86' lang='lat' dir='ltr'>immane</span> <span class='ocrx_word' id='word_1_251' title='bbox 1131 1600 1233 1649; x_wconf 85' lang='lat' dir='ltr'>quod</span> <span class='ocrx_word' id='word_1_252' title='bbox 1260 1600 1401 1648; x_wconf 88' lang='lat' dir='ltr'>prodit,</span> <span class='ocrx_word' id='word_1_253' title='bbox 1426 1612 1548 1648; x_wconf 87' lang='lat' dir='ltr'>neque</span> <span class='ocrx_word' id='word_1_254' title='bbox 1575 1605 1698 1648; x_wconf 88' lang='lat' dir='ltr'>potuit</span> <span class='ocrx_word' id='word_1_255' title='bbox 1720 1600 1904 1649; x_wconf 80' lang='lat' dir='ltr'>reliquum</span> 
     </span>
     <span class='ocr_line' id='line_1_26' title="bbox 287 1657 1904 1705; baseline 0.001 -14"><span class='ocrx_word' id='word_1_256' title='bbox 287 1657 406 1692; x_wconf 83' lang='lat' dir='ltr'>foetus</span> <span class='ocrx_word' id='word_1_257' title='bbox 426 1669 558 1704; x_wconf 88' lang='lat' dir='ltr'>corpus</span> <span class='ocrx_word' id='word_1_258' title='bbox 587 1662 700 1705; x_wconf 80' lang='lat' dir='ltr'>sequi.</span> <span class='ocrx_word' id='word_1_259' title='bbox 738 1657 976 1693; x_wconf 83' lang='lat' dir='ltr'>Obstetricias</span> <span class='ocrx_word' id='word_1_260' title='bbox 1001 1670 1132 1692; x_wconf 84' lang='lat' dir='ltr'>manus</span> <span class='ocrx_word' id='word_1_261' title='bbox 1159 1657 1329 1702; x_wconf 85' lang='lat' dir='ltr'>admovi,</span> <span class='ocrx_word' id='word_1_262' title='bbox 1361 1667 1397 1692; x_wconf 89' lang='lat' dir='ltr'>et</span> <span class='ocrx_word' id='word_1_263' title='bbox 1418 1670 1497 1691; x_wconf 88' lang='lat' dir='ltr'>non</span> <span class='ocrx_word' id='word_1_264' title='bbox 1524 1662 1602 1691; x_wconf 86' lang='lat' dir='ltr'>sine</span> <span class='ocrx_word' id='word_1_265' title='bbox 1630 1657 1749 1692; x_wconf 91' lang='lat' dir='ltr'>multo</span> <span class='ocrx_word' id='word_1_266' title='bbox 1775 1657 1904 1693; x_wconf 88' lang='lat' dir='ltr'>labore</span> 
     </span>
     <span class='ocr_line' id='line_1_27' title="bbox 287 1712 1903 1764; baseline 0 -15"><span class='ocrx_word' id='word_1_267' title='bbox 287 1720 427 1750; x_wconf 80' lang='lat' dir='ltr'>extraxi</span> <span class='ocrx_word' id='word_1_268' title='bbox 445 1715 726 1762; x_wconf 82' lang='lat' dir='ltr'>semiputridum</span> <span class='ocrx_word' id='word_1_269' title='bbox 744 1716 839 1761; x_wconf 82' lang='lat' dir='ltr'>jam,</span> <span class='ocrx_word' id='word_1_270' title='bbox 855 1724 890 1750; x_wconf 85' lang='lat' dir='ltr'>et</span> <span class='ocrx_word' id='word_1_271' title='bbox 904 1714 951 1749; x_wconf 89' lang='lat' dir='ltr'>ad</span> <span class='ocrx_word' id='word_1_272' title='bbox 966 1720 1162 1749; x_wconf 90' lang='lat' dir='ltr'>minimum</span> <span class='ocrx_word' id='word_1_273' title='bbox 1176 1714 1286 1763; x_wconf 90' lang='lat' dir='ltr'>triplo</span> <span class='ocrx_word' id='word_1_274' title='bbox 1304 1712 1493 1750; x_wconf 83' lang='lat' dir='ltr'>volumine</span> <span class='ocrx_word' id='word_1_275' title='bbox 1506 1720 1607 1750; x_wconf 84' lang='lat' dir='ltr'>istius</span> <span class='ocrx_word' id='word_1_276' title='bbox 1621 1719 1759 1762; x_wconf 84' lang='lat' dir='ltr'>prioris.</span> <span class='ocrx_word' id='word_1_277' title='bbox 1779 1714 1903 1764; x_wconf 89' lang='lat' dir='ltr'>Opor-</span> 
     </span>
     <span class='ocr_line' id='line_1_28' title="bbox 286 1770 1902 1817; baseline 0.001 -11"><span class='ocrx_word' id='word_1_278' title='bbox 286 1781 340 1807; x_wconf 88' lang='lat' dir='ltr'>tet</span> <span class='ocrx_word' id='word_1_279' title='bbox 362 1771 454 1806; x_wconf 88' lang='lat' dir='ltr'>duos</span> <span class='ocrx_word' id='word_1_280' title='bbox 476 1770 599 1806; x_wconf 88' lang='lat' dir='ltr'>adhuc</span> <span class='ocrx_word' id='word_1_281' title='bbox 622 1781 685 1807; x_wconf 85' lang='lat' dir='ltr'>aut</span> <span class='ocrx_word' id='word_1_282' title='bbox 713 1781 783 1806; x_wconf 89' lang='lat' dir='ltr'>tres</span> <span class='ocrx_word' id='word_1_283' title='bbox 811 1771 953 1807; x_wconf 87' lang='lat' dir='ltr'>catulos</span> <span class='ocrx_word' id='word_1_284' title='bbox 978 1781 1082 1806; x_wconf 89' lang='lat' dir='ltr'>utero</span> <span class='ocrx_word' id='word_1_285' title='bbox 1112 1781 1311 1807; x_wconf 83' lang='lat' dir='ltr'>contentos</span> <span class='ocrx_word' id='word_1_286' title='bbox 1334 1771 1463 1817; x_wconf 87' lang='lat' dir='ltr'>fuisse,</span> <span class='ocrx_word' id='word_1_287' title='bbox 1491 1772 1555 1806; x_wconf 90' lang='lat' dir='ltr'>sed</span> <span class='ocrx_word' id='word_1_288' title='bbox 1578 1777 1708 1806; x_wconf 88' lang='lat' dir='ltr'>misera</span> <span class='ocrx_word' id='word_1_289' title='bbox 1735 1771 1902 1808; x_wconf 86' lang='lat' dir='ltr'>canicula</span> 
     </span>
     <span class='ocr_line' id='line_1_29' title="bbox 287 1827 1902 1878; baseline 0.001 -15"><span class='ocrx_word' id='word_1_290' title='bbox 287 1838 410 1878; x_wconf 85' lang='lat' dir='ltr'>partus</span> <span class='ocrx_word' id='word_1_291' title='bbox 437 1827 555 1863; x_wconf 86' lang='lat' dir='ltr'>labori</span> <span class='ocrx_word' id='word_1_292' title='bbox 583 1828 784 1864; x_wconf 84' lang='lat' dir='ltr'>succubuit.</span> <span class='ocrx_word' id='word_1_293' title='bbox 813 1831 895 1864; x_wconf 84' lang='lat' dir='ltr'>Jam</span> <span class='ocrx_word' id='word_1_294' title='bbox 915 1829 1010 1864; x_wconf 88' lang='lat' dir='ltr'>adeo</span> <span class='ocrx_word' id='word_1_295' title='bbox 1036 1839 1071 1864; x_wconf 90' lang='lat' dir='ltr'>et</span> <span class='ocrx_word' id='word_1_296' title='bbox 1094 1834 1254 1877; x_wconf 85' lang='lat' dir='ltr'>priorem</span> <span class='ocrx_word' id='word_1_297' title='bbox 1276 1835 1386 1864; x_wconf 83' lang='lat' dir='ltr'>istum</span> <span class='ocrx_word' id='word_1_298' title='bbox 1411 1829 1575 1863; x_wconf 88' lang='lat' dir='ltr'>catulum</span> <span class='ocrx_word' id='word_1_299' title='bbox 1599 1829 1776 1873; x_wconf 80' lang='lat' dir='ltr'>majorem</span> <span class='ocrx_word' id='word_1_300' title='bbox 1797 1841 1902 1876; x_wconf 87' lang='lat' dir='ltr'>prae-</span> 
     </span>
     <span class='ocr_line' id='line_1_30' title="bbox 288 1884 1903 1934; baseline 0.001 -13"><span class='ocrx_word' id='word_1_301' title='bbox 288 1886 451 1921; x_wconf 78' lang='lat' dir='ltr'>cedentis</span> <span class='ocrx_word' id='word_1_302' title='bbox 470 1896 592 1934; x_wconf 86' lang='lat' dir='ltr'>partus</span> <span class='ocrx_word' id='word_1_303' title='bbox 616 1886 725 1921; x_wconf 87' lang='lat' dir='ltr'>credo</span> <span class='ocrx_word' id='word_1_304' title='bbox 752 1899 830 1921; x_wconf 88' lang='lat' dir='ltr'>non</span> <span class='ocrx_word' id='word_1_305' title='bbox 849 1885 924 1921; x_wconf 88' lang='lat' dir='ltr'>alio</span> <span class='ocrx_word' id='word_1_306' title='bbox 946 1895 1049 1933; x_wconf 87' lang='lat' dir='ltr'>patre</span> <span class='ocrx_word' id='word_1_307' title='bbox 1072 1895 1296 1932; x_wconf 87' lang='lat' dir='ltr'>conceptum</span> <span class='ocrx_word' id='word_1_308' title='bbox 1315 1884 1432 1920; x_wconf 85' lang='lat' dir='ltr'>fuisse.</span> <span class='ocrx_word' id='word_1_309' title='bbox 1462 1885 1656 1931; x_wconf 85' lang='lat' dir='ltr'>Quaenam</span> <span class='ocrx_word' id='word_1_310' title='bbox 1674 1884 1769 1919; x_wconf 89' lang='lat' dir='ltr'>adeo</span> <span class='ocrx_word' id='word_1_311' title='bbox 1796 1898 1903 1922; x_wconf 87' lang='lat' dir='ltr'>causa</span> 
     </span>
     <span class='ocr_line' id='line_1_31' title="bbox 287 1941 1902 1991; baseline -0.001 -12"><span class='ocrx_word' id='word_1_312' title='bbox 287 1943 381 1979; x_wconf 86' lang='lat' dir='ltr'>adeo</span> <span class='ocrx_word' id='word_1_313' title='bbox 407 1942 598 1977; x_wconf 68' lang='lat' dir='ltr'>dissimiles</span> <span class='ocrx_word' id='word_1_314' title='bbox 625 1943 880 1991; x_wconf 77' lang='lat' dir='ltr'>magnitudine</span> <span class='ocrx_word' id='word_1_315' title='bbox 902 1942 988 1977; x_wconf 88' lang='lat' dir='ltr'>facit</span> <span class='ocrx_word' id='word_1_316' title='bbox 1007 1941 1151 1977; x_wconf 71' lang='lat' dir='ltr'>foetus?</span> <span class='ocrx_word' id='word_1_317' title='bbox 1180 1942 1218 1976; x_wconf 89' lang='lat' dir='ltr'>Si</span> <span class='ocrx_word' id='word_1_318' title='bbox 1238 1941 1498 1990; x_wconf 82' lang='lat' dir='ltr'>superfoetatio</span> <span class='ocrx_word' id='word_1_319' title='bbox 1519 1941 1645 1976; x_wconf 87' lang='lat' dir='ltr'>locum</span> <span class='ocrx_word' id='word_1_320' title='bbox 1665 1941 1797 1988; x_wconf 86' lang='lat' dir='ltr'>habet,</span> <span class='ocrx_word' id='word_1_321' title='bbox 1823 1956 1902 1978; x_wconf 88' lang='lat' dir='ltr'>non</span> 
     </span>
     <span class='ocr_line' id='line_1_32' title="bbox 288 1997 1900 2049; baseline -0.001 -14"><span class='ocrx_word' id='word_1_322' title='bbox 288 2011 408 2049; x_wconf 83' lang='lat' dir='ltr'>potest</span> <span class='ocrx_word' id='word_1_323' title='bbox 428 2013 630 2049; x_wconf 87' lang='lat' dir='ltr'>paucorum</span> <span class='ocrx_word' id='word_1_324' title='bbox 655 2001 796 2035; x_wconf 81' lang='lat' dir='ltr'>dicrum</span> <span class='ocrx_word' id='word_1_325' title='bbox 817 2005 975 2048; x_wconf 84' lang='lat' dir='ltr'>spatium</span> <span class='ocrx_word' id='word_1_326' title='bbox 999 2011 1072 2047; x_wconf 85' lang='lat' dir='ltr'>quo</span> <span class='ocrx_word' id='word_1_327' title='bbox 1093 1997 1186 2033; x_wconf 86' lang='lat' dir='ltr'>alter</span> <span class='ocrx_word' id='word_1_328' title='bbox 1207 2008 1292 2033; x_wconf 87' lang='lat' dir='ltr'>ante</span> <span class='ocrx_word' id='word_1_329' title='bbox 1314 1998 1471 2033; x_wconf 89' lang='lat' dir='ltr'>alterum</span> <span class='ocrx_word' id='word_1_330' title='bbox 1492 2008 1693 2047; x_wconf 80' lang='lat' dir='ltr'>conceptus</span> <span class='ocrx_word' id='word_1_331' title='bbox 1709 2009 1783 2044; x_wconf 85' lang='lat' dir='ltr'>est,</span> <span class='ocrx_word' id='word_1_332' title='bbox 1807 2000 1900 2034; x_wconf 89' lang='lat' dir='ltr'>adeo</span> 
     </span>
     <span class='ocr_line' id='line_1_33' title="bbox 288 2054 1902 2106; baseline -0.002 -13"><span class='ocrx_word' id='word_1_333' title='bbox 288 2064 469 2106; x_wconf 80' lang='lat' dir='ltr'>insignem</span> <span class='ocrx_word' id='word_1_334' title='bbox 490 2056 735 2092; x_wconf 82' lang='lat' dir='ltr'>differentiam</span> <span class='ocrx_word' id='word_1_335' title='bbox 756 2057 893 2092; x_wconf 84' lang='lat' dir='ltr'>afferre.</span> <span class='ocrx_word' id='word_1_336' title='bbox 922 2055 996 2090; x_wconf 88' lang='lat' dir='ltr'>Sed</span> <span class='ocrx_word' id='word_1_337' title='bbox 1017 2055 1105 2104; x_wconf 81' lang='lat' dir='ltr'>quid</span> <span class='ocrx_word' id='word_1_338' title='bbox 1128 2054 1212 2089; x_wconf 82' lang='lat' dir='ltr'>illos</span> <span class='ocrx_word' id='word_1_339' title='bbox 1234 2067 1390 2102; x_wconf 74' lang='lat' dir='ltr'>magnos</span> <span class='ocrx_word' id='word_1_340' title='bbox 1411 2054 1553 2089; x_wconf 84' lang='lat' dir='ltr'>catulos</span> <span class='ocrx_word' id='word_1_341' title='bbox 1572 2055 1766 2103; x_wconf 84' lang='lat' dir='ltr'>produxit,</span> <span class='ocrx_word' id='word_1_342' title='bbox 1788 2055 1902 2103; x_wconf 79' lang='lat' dir='ltr'>longe</span> 
     </span>
     <span class='ocr_line' id='line_1_34' title="bbox 289 2111 1901 2164; baseline -0.002 -15"><span class='ocrx_word' id='word_1_343' title='bbox 289 2117 443 2162; x_wconf 80' lang='lat' dir='ltr'>majores</span> <span class='ocrx_word' id='word_1_344' title='bbox 459 2128 570 2164; x_wconf 83' lang='lat' dir='ltr'>quam</span> <span class='ocrx_word' id='word_1_345' title='bbox 594 2125 678 2150; x_wconf 90' lang='lat' dir='ltr'>sunt</span> <span class='ocrx_word' id='word_1_346' title='bbox 698 2121 735 2149; x_wconf 92' lang='lat' dir='ltr'>in</span> <span class='ocrx_word' id='word_1_347' title='bbox 755 2120 939 2149; x_wconf 81' lang='lat' dir='ltr'>consuetis</span> <span class='ocrx_word' id='word_1_348' title='bbox 955 2112 1116 2161; x_wconf 87' lang='lat' dir='ltr'>partibus</span> <span class='ocrx_word' id='word_1_349' title='bbox 1132 2112 1311 2158; x_wconf 84' lang='lat' dir='ltr'>ejusmodi</span> <span class='ocrx_word' id='word_1_350' title='bbox 1334 2122 1492 2147; x_wconf 87' lang='lat' dir='ltr'>staturae</span> <span class='ocrx_word' id='word_1_351' title='bbox 1516 2111 1775 2146; x_wconf 87' lang='lat' dir='ltr'>canicularum.</span> <span class='ocrx_word' id='word_1_352' title='bbox 1802 2114 1901 2147; x_wconf 87' lang='lat' dir='ltr'>Nam</span> 
     </span>
     <span class='ocr_line' id='line_1_35' title="bbox 289 2168 1902 2221; baseline -0.002 -13"><span class='ocrx_word' id='word_1_353' title='bbox 289 2173 399 2221; x_wconf 73' lang='lat' dir='ltr'>vulgo</span> <span class='ocrx_word' id='word_1_354' title='bbox 428 2183 518 2218; x_wconf 84' lang='lat' dir='ltr'>tres,</span> <span class='ocrx_word' id='word_1_355' title='bbox 551 2183 709 2221; x_wconf 86' lang='lat' dir='ltr'>quatuor</span> <span class='ocrx_word' id='word_1_356' title='bbox 733 2182 796 2207; x_wconf 87' lang='lat' dir='ltr'>aut</span> <span class='ocrx_word' id='word_1_357' title='bbox 822 2171 869 2207; x_wconf 85' lang='lat' dir='ltr'>ad</span> <span class='ocrx_word' id='word_1_358' title='bbox 894 2182 1079 2206; x_wconf 82' lang='lat' dir='ltr'>summum</span> <span class='ocrx_word' id='word_1_359' title='bbox 1108 2174 1271 2218; x_wconf 82' lang='lat' dir='ltr'>quinque</span> <span class='ocrx_word' id='word_1_360' title='bbox 1297 2169 1462 2214; x_wconf 84' lang='lat' dir='ltr'>ejusdem</span> <span class='ocrx_word' id='word_1_361' title='bbox 1489 2168 1752 2217; x_wconf 78' lang='lat' dir='ltr'>magnitudinis</span> <span class='ocrx_word' id='word_1_362' title='bbox 1782 2169 1902 2205; x_wconf 79' lang='lat' dir='ltr'>editos</span> 
     </span>
     <span class='ocr_line' id='line_1_36' title="bbox 290 2230 634 2265; baseline 0.006 -2"><span class='ocrx_word' id='word_1_363' title='bbox 290 2243 364 2265; x_wconf 56' lang='lat' dir='ltr'>csse</span> <span class='ocrx_word' id='word_1_364' title='bbox 390 2230 530 2265; x_wconf 83' lang='lat' dir='ltr'>catulos</span> <span class='ocrx_word' id='word_1_365' title='bbox 550 2230 634 2265; x_wconf 82' lang='lat' dir='ltr'>vicli.</span> 
     </span>
    </p>

    <p class='ocr_par' dir='ltr' id='par_1_6' title="bbox 357 2284 1900 2334">
     <span class='ocr_line' id='line_1_37' title="bbox 357 2284 1900 2334; baseline -0.001 -13"><span class='ocrx_word' id='word_1_366' title='bbox 357 2287 395 2322; x_wconf 82' lang='lat' dir='ltr'>Si</span> <span class='ocrx_word' id='word_1_367' title='bbox 414 2287 597 2324; x_wconf 86' lang='lat' dir='ltr'>humanus</span> <span class='ocrx_word' id='word_1_368' title='bbox 618 2286 737 2322; x_wconf 80' lang='lat' dir='ltr'>foetus</span> <span class='ocrx_word' id='word_1_369' title='bbox 757 2286 871 2322; x_wconf 87' lang='lat' dir='ltr'>modo</span> <span class='ocrx_word' id='word_1_370' title='bbox 892 2298 1045 2334; x_wconf 82' lang='lat' dir='ltr'>magnus</span> <span class='ocrx_word' id='word_1_371' title='bbox 1068 2295 1104 2324; x_wconf 86' lang='lat' dir='ltr'>et</span> <span class='ocrx_word' id='word_1_372' title='bbox 1123 2285 1241 2333; x_wconf 87' lang='lat' dir='ltr'>major</span> <span class='ocrx_word' id='word_1_373' title='bbox 1263 2294 1457 2331; x_wconf 78' lang='lat' dir='ltr'>consuete,</span> <span class='ocrx_word' id='word_1_374' title='bbox 1480 2284 1595 2321; x_wconf 86' lang='lat' dir='ltr'>modo</span> <span class='ocrx_word' id='word_1_375' title='bbox 1616 2284 1769 2334; x_wconf 83' lang='lat' dir='ltr'>pusillus</span> <span class='ocrx_word' id='word_1_376' title='bbox 1783 2288 1900 2321; x_wconf 83' lang='lat' dir='ltr'>nasci-</span> 
     </span>
    </p>
   </div>
  </div>
 </body>
</html>
