2054 2748
248 253 417 289 Testudo
437 256 597 289 tricarim
602 262 685 291 aba.

253 1119 371 1155 Pedes
391 1119 560 1167 palmati,
590 1128 720 1166 penta-

206 1176 362 1222 dactyli,
375 1175 521 1220 breves,
539 1173 721 1222 unguibus

206 1237 332 1268 acutis.

256 1287 382 1322 Gauda
401 1286 538 1333 brevis,
561 1286 609 1322 ad
626 1286 720 1323 latus

206 1343 349 1379 reflexa.

253 1453 512 1503 Magnitudine
536 1451 635 1488 oculi
653 1451 720 1488 bo-

205 1511 293 1548 villi.

516 1621 906 1665 TESTUDO

787 171 1237 200 AMPHIBIA.

853 253 1025 288 Testudo
1044 257 1164 301 picta.

755 336 848 371 linea
858 335 1068 371 semilunari
1079 335 1268 385 subdupli-

754 397 787 427 ci
810 397 975 440 cingitur.
1011 392 1146 428 Subtus
1177 393 1268 428 haec

752 449 906 483 scutella
927 449 1143 496 marginalia
1167 450 1267 484 disco

751 505 877 540 albida
916 510 1021 552 nigro
1054 511 1268 553 marginata.

752 561 867 608 Regio
880 573 901 596 a
915 571 1038 596 sterno
1053 574 1173 597 versus
1186 562 1271 596 dor—

752 617 827 652 sale
838 617 1036 653 scutellum
1052 624 1148 653 inter
1160 619 1271 666 pedes

752 679 951 709 anterIOres
982 685 1018 710 et
1050 680 1270 723 posteriores

752 735 887 778 pariter
906 736 1087 778 nigricans
1109 730 1270 779 alboque

753 786 1072 834 longitudinaliter
1121 787 1268 823 lineata.

754 842 927 878 Sternum
939 844 1085 888 album,
1101 843 1198 878 linea
1212 850 1268 879 ni—

753 912 815 946 gra
825 899 1085 947 longitudinali
1095 928 1103 944 ‚
1115 906 1268 945 sinuata,

752 967 851 1002 pone
866 955 1006 991 latiore.
1024 956 1174 990 Collum
1187 956 1269 990 lon-

752 1011 977 1056 giusculum,
1003 1011 1129 1045 laxum
1149 1011 1268 1057 longi-

752 1064 1268 1103 tudinaliteralbo-lineatum.

800 1121 918 1155 Pedes
934 1126 1033 1155 item.

800 1287 927 1323 Gauda
941 1287 1079 1334 brevis,
1101 1288 1149 1324 ad
1173 1289 1267 1324 latus

1732 176 1814 219 2η

1389 254 1558 289 Tescudo
1577 257 1726 292 scabra.

1299 336 1491 371 terioribus
1527 350 1647 374 versus
1684 353 1812 387 nares,

1299 394 1631 428 interioribusretro
1641 402 1814 432 verticem

1300 455 1427 497 capitis
1497 453 1812 497 convergentibus.

1301 505 1434 541 Subtus
1445 506 1550 542 color
1562 512 1688 555 capitis
1700 509 1814 545 sordi-

1303 563 1378 597 dus.

1347 1122 1465 1157 Pedes
1487 1128 1585 1157 item.

1347 1290 1472 1325 Gauda
1505 1289 1732 1337 brevissima,
1765 1291 1815 1328 ad

752 1343 907 1387 reflexa,
938 1351 1267 1390 acuminatissima,
1298 1345 1392 1380 latus
1404 1347 1814 1395 reflexa,subunguicu-

750 1404 854 1445 apice
870 1398 1043 1434 filiformi.

799 1454 1058 1502 Magnitudine
1079 1454 1167 1490 mali
1189 1467 1266 1490 me-

752 1508 894 1544 diocriS.

1299 1401 1371 1436 lata
1386 1403 1402 1435 Ἰ

1364 1457 1624 1504 Magnitudine
1663 1471 1812 1507 praece-

1280 1521 1285 1555 1
1298 1512 1400 1548 denti
1420 1519 1479 1550 vix
1493 1514 1600 1550 cedit.

963 1622 1502 1669 SERPENTINA.

264 1716 526 1750 TESTumNEM
545 1712 813 1748 crocodilinam
829 1726 1062 1759 vocaveram,
1076 1714 1141 1750 sed
1161 1721 1277 1763 ipsam
1296 1723 1542 1764 serpentinam
1559 1721 1711 1755 Linnaei
1725 1731 1811 1766 esse,

206 1770 421 1819 Schoepfius
441 1775 479 1803 in
505 1769 633 1804 litteris
661 1769 763 1804 dixit.
791 1772 893 1804 Haec
914 1783 998 1804 ‹um
1019 1771 1131 1805 tribus
1153 1773 1389 1819 sequentibus
1417 1775 1486 1809 Ao.
1513 1776 1610 1822 1785.
1631 1778 1812 1812 Viennam

204 1829 325 1866 delata
345 1840 391 1861 ex
410 1829 579 1861 America
594 1826 873 1873 septentrionali
894 1826 941 1861 ab
962 1827 1161 1862 hortulano
1182 1830 1308 1864 Boseo.

282 1886 400 1919 Testa
419 1889 578 1930 integra,
602 1882 710 1931 plana
723 1911 731 1927 ‚
751 1895 850 1931 pone
870 1882 981 1931 paulo
1002 1883 1192 1919 dilatatior
1210 1887 1511 1933 quadi-identata,
1533 1888 1703 1923 dentibus
1718 1889 1808 1925 latis.

205 1941 369 1978 Scutella
392 1953 510 1989 pone,
534 1950 570 1975 et
590 1939 758 1974 laterales
778 1952 898 1975 versus
915 1940 1093 1988 angulum
1112 1947 1322 1976 interiorem
1347 1948 1384 1977 in
1404 1956 1620 1979 mucronem
1639 1946 1810 1980 obtusum

205 2000 354 2035 elevata.
381 1997 511 2032 Sulcus
535 2002 676 2045 postice
696 2002 792 2033 inter
811 2003 939 2032 seriem
960 1998 1121 2033 mediani
1139 2009 1175 2033 et
1195 1998 1373 2034 laterales
1401 2001 1511 2036 Testa
1532 2002 1682 2036 inferior
1700 2002 1810 2049 plana

204 2065 377 2104 angusta,
410 2054 572 2089 scutellis
603 2064 711 2099 octo,
744 2065 887 2102 praeter
910 2067 1026 2089 unum
1053 2061 1237 2100 anterius,
1267 2062 1402 2104 impar,
1429 2063 1623 2105 exiguum,
1649 2057 1808 2093 mollius.

204 2116 303 2148 Inter
322 2118 466 2147 tertium
487 2122 523 2146 et
548 2121 716 2160 quartum
741 2111 938 2146 scutellum
962 2111 1061 2146 aliud
1091 2122 1356 2158 transversum,
1379 2125 1593 2161 angustum,
1622 2114 1705 2147 (lein
1735 2114 1808 2150 duo

205 2169 275 2204 alia
291 2168 439 2217 pawula
457 2178 586 2204 testam
604 2173 825 2216 superiorem
849 2173 1116 2202 connectentia.
1144 2170 1170 2202 F
1174 2181 1285 2205 oveae
1300 2183 1366 2218 pro
1387 2171 1540 2219 pedibus
1554 2170 1807 2218 amplistsimae.

207 2225 322 2261 Color
343 2235 455 2261 testae
477 2225 656 2262 inferioris
675 2225 800 2272 albus,
823 2230 1018 2273 superioris
1040 2224 1170 2261 fuscus.

1422 2281 1548 2317 Dd2
