2054 2748
275 150 333 207 84
634 146 1123 186 OBSERVATIONES
1157 146 1532 177 zooLocchE.

277 248 328 285 ad
342 259 455 297 usque
469 255 600 282 terram
619 249 774 294 pertigit.
792 242 897 275 Visus
916 248 969 273 est
988 242 1090 287 quasi
1103 235 1170 272 sub
1188 234 1318 270 aulaeo
1337 233 1499 269 condere
1511 233 1606 269 velle
1618 262 1627 279 ,
1645 232 1731 268 licet
1745 243 1888 267 merum

280 311 407 342 a'e'rem
429 305 558 339 feriret.
580 302 749 337 Tandem
764 305 801 332 in
820 307 911 332 terra
930 301 1051 344 posuit
1071 304 1107 330 et
1128 291 1281 342 pedibus
1306 301 1512 326 extremum
1534 291 1706 326 aulaeum
1722 294 1888 325 tractavit

277 368 385 413 quasi
405 371 497 396 esset
518 371 611 395 terra
631 357 697 392 sub
721 368 791 403 qua
811 365 944 389 nucem
968 361 1090 401 posset
1110 361 1259 400 ponere.

355 421 427 454 Per
445 419 569 465 jocum
594 425 628 448 et
652 411 894 461 petulantiam
920 408 1120 458 aliquando
1144 407 1227 442 salis
1245 404 1477 454 manipulum
1498 404 1665 453 implevit
1685 414 1721 440 et
1745 413 1888 452 gustare

282 482 415 524 coepit.
443 476 513 508 Vas
534 472 645 506 farina
668 468 725 503 vel
745 473 866 516 potius
889 466 982 501 alica
1005 466 1160 514 plenum
1187 474 1316 499 nactus
1336 468 1425 497 mire
1445 462 1623 497 fodiendo
1645 471 1681 497 et
1708 460 1889 507 ejiciendo

282 535 386 581 agilis
407 530 493 579 quid
514 528 563 562 ibi
583 526 817 561 reconditum
838 533 930 559 esset
951 527 1136 571 quaesivit.
1162 520 1345 569 Lepidum
1364 529 1441 554 erat
1459 519 1581 554 videre
1599 528 1639 553 ut
1657 523 1697 552 in
1717 517 1806 552 orbe
1822 530 1891 552 nu-

284 590 386 624 cibus
410 588 520 635 pleno
541 583 606 618 sed
625 583 741 618 linteo
762 581 941 617 obvoluto
963 577 1188 615 circumsiliit
1203 587 1239 612 et
1252 575 1407 625 pedibus
1425 588 1467 610 ac
1482 587 1545 609 ore
1560 575 1716 610 linteum
1735 573 1892 610 avellere

284 646 429 681 studuit.

358 697 574 747 Aliquando
595 696 729 732 accidit
750 705 790 731 ut
810 694 1005 730 dimidium
1029 697 1133 741 panis
1153 690 1368 726 crustulenti
1394 688 1528 724 tortilis
1559 685 1891 735 (Fasten-Bretzel)

283 757 464 805 abriperet
480 765 516 790 et
535 760 629 788 inter
643 765 805 801 pugnam
828 764 913 786 cum
932 762 974 784 eo
998 755 1061 798 qui
1074 755 1212 797 eripere
1231 745 1482 789 allaborabat,
1506 756 1662 792 corpore
1686 756 1723 778 se
1738 749 1893 778 circum-

283 823 439 864 poneret
458 811 587 847 annuli
607 816 644 844 in
664 810 827 844 modum.
858 811 985 855 ltaque
1012 811 1110 840 miris
1137 803 1288 839 saltibus
1315 813 1352 837 et
1377 801 1535 849 gestibus
1553 806 1731 835 extricare
1750 812 1786 834 se
1806 799 1893 834 inde

280 876 433 917 sategit,
454 868 556 916 quod
575 866 734 901 multum
757 865 879 912 gaudii
899 861 1147 911 spectantibus
1170 865 1321 908 peperit.
1415 852 1423 861 ⁵

358 928 447 962 Post
471 930 557 959 anni
576 928 733 972 spatium
758 922 888 956 didicit
906 920 973 955 sibi
1002 928 1166 953 metuere
1191 929 1212 951 a
1234 922 1332 963 virga
1355 923 1392 949 et
1414 926 1451 948 se
1475 912 1703 948 abscondere
1722 911 1785 947 ubi
1807 911 1897 961 quid

282 991 481 1033 peccasset.

360 1037 547 1073 Desiliens
571 1036 616 1070 de
637 1035 723 1070 loco
753 1032 904 1077 altiore,
927 1030 1081 1079 pedibus
1108 1028 1232 1063 medio
1253 1033 1291 1062 in
1315 1027 1401 1062 loco
1422 1026 1510 1061 licet
1529 1025 1692 1063 verticali
1710 1031 1898 1075 impingit,

284 1107 327 1133 ut
346 1096 461 1131 illisus
487 1094 714 1140 infringatur.

360 1152 477 1200 Saepe
497 1149 789 1199 petulantissima
807 1150 1030 1195 procacitate
1048 1141 1308 1178 incommodus
1327 1150 1420 1186 erat,
1435 1151 1476 1176 ut
1498 1146 1537 1175 in
1557 1152 1799 1188 quaecunque
1814 1145 1899 1175 insi-

285 1209 372 1244 liret
386 1237 394 1252 ‚
411 1218 447 1242 et
470 1206 674 1241 exsiliendo
699 1218 752 1239 res
774 1203 905 1251 quibus
929 1199 1116 1235 insistebat
1138 1209 1220 1246 post
1243 1210 1280 1232 se
1298 1199 1441 1244 jaceret.
1469 1197 1684 1244 Aliquando
1703 1209 1797 1231 uxor
1815 1208 1899 1231 mea

285 1278 351 1314 per
369 1266 494 1310 jocum
512 1272 552 1296 ut
571 1261 795 1309 quandoque
813 1258 957 1293 solebat
972 1255 1141 1290 manibus
1154 1254 1332 1290 volutavit
1352 1264 1592 1301 ventremque
1607 1252 1821 1287 deosculata
1837 1262 1898 1288 est.

285 1320 404 1358 Paulo
429 1328 512 1367 post
534 1324 571 1352 in
591 1322 802 1365 propinquo
823 1314 951 1349 sedens
974 1311 1150 1347 involavit
1169 1316 1206 1345 in
1221 1323 1373 1345 manum
1386 1339 1395 1356 ,
1415 1320 1451 1346 et
1471 1315 1573 1358 quasi
1594 1315 1785 1357 antiquam
1806 1310 1901 1355 inju-

285 1382 380 1411 :riam
403 1375 545 1408 ulturus
574 1376 726 1405 manum
760 1369 962 1402 momordit
988 1374 1026 1399 in
1054 1368 1164 1399 dorso
1189 1377 1228 1398 ut
1256 1372 1384 1398 misere
1414 1372 1682 1399 intumesceret.
1713 1367 1812 1399 Tum
1836 1378 1901 1412 per

286 1442 455 1467 mensam
481 1429 684 1462 discurrens
712 1429 836 1458 omnia
864 1426 1083 1470 perminxit⁷
1112 1420 1215 1468 quod
1243 1419 1334 1455 alias
1358 1433 1435 1455 non
1463 1419 1572 1466 fecit,
1609 1430 1650 1456 ut
1677 1420 1771 1455 adeo
1797 1430 1900 1456 tanto

287 1492 403 1535 magis
421 1491 493 1520 irae
515 1483 649 1518 affectu
668 1490 899 1516 commotum
918 1478 1024 1513 fuisse
1049 1478 1207 1512 credam.

363 1544 531 1577 Frustum
561 1539 722 1574 sacchari
745 1538 904 1581 furatus⁷
927 1545 963 1570 et
990 1534 1104 1583 plagis
1130 1532 1293 1568 molliter
1314 1532 1513 1568 mulctatus
1535 1539 1637 1582 quasi
1660 1532 1787 1569 delicti
1813 1547 1902 1569 con-

288 1605 383 1636 scius
405 1611 442 1634 se
469 1595 721 1639 abscondidit3
753 1604 881 1642 postea
916 1605 1033 1626 rursus
1057 1589 1207 1625 abstulit
1223 1618 1231 1634 ,
1266 1601 1302 1625 et
1331 1603 1391 1626 vas
1415 1603 1511 1638 aqua
1538 1590 1692 1639 plenum
1717 1596 1903 1639 reperiens

289 1664 388 1693 sitim
409 1655 565 1699 sedavit,
592 1652 879 1699 sacchar-umque
900 1661 964 1684 ore
986 1648 1140 1693 dimisit,
1166 1647 1268 1696 quod
1290 1657 1477 1682 exemtum
1507 1657 1544 1682 et
1571 1646 1903 1695 semiliquefactum

290 1726 407 1763 quum
428 1717 635 1760 reperisset,
662 1709 783 1744 denuo
807 1713 904 1756 cepit
931 1706 1097 1754 ligurire,
1119 1714 1156 1740 et
1179 1716 1307 1739 manus
1328 1705 1401 1749 jam
1422 1709 1629 1751 inquinatas
1647 1703 1774 1738 sedule
1793 1703 1903 1739 linxit

289 1770 470 1817 lavitque,
493 1768 593 1816 quod
609 1766 697 1801 alias
712 1766 831 1801 facere
851 1777 930 1799 non
950 1762 1114 1807 solebat,
1137 1771 1177 1796 ut
1196 1773 1304 1809 saepe
1325 1773 1371 1795 ne
1393 1760 1544 1808 quidem
1565 1772 1694 1795 manus
1708 1772 1818 1794 succo
1843 1773 1903 1795 ce-

289 1839 456 1862 rasorum
486 1831 674 1873 nigrorum
700 1829 909 1872 inquinatas
927 1820 1107 1867 -Iingeret,
1136 1818 1200 1853 sed
1222 1829 1365 1865 semper
1392 1829 1526 1864 mappa
1550 1815 1753 1850 discurrens
1777 1822 1901 1852 omnia

291 1887 520 1931 inquinaret,
549 1893 661 1929 quum
692 1890 817 1914 tamen
848 1891 889 1912 os
919 1886 1097 1912 consueto
1125 1886 1227 1908 more
1256 1873 1421 1908 fricando
1447 1872 1680 1919 abstergeret.
1717 1873 1903 1920 Tempore

294 1950 502 1975 cerasorum
521 1951 653 1983 nuces,
674 1949 810 1985 panem
828 1935 1055 1970 albissimum
1074 1941 1111 1966 et
1129 1930 1329 1967 lacteatum
1354 1936 1496 1979 sprevit.
1522 1928 1680 1965 Nullum
1701 1939 1824 1965 tamen
1845 1942 1902 1965 ce-

292 2009 413 2034 rasum
437 1995 639 2030 abscondit.

366 2054 498 2087 Versus
519 2051 682 2085 medium
710 2047 930 2085 Germinalis
955 2052 1088 2082 mensis
1112 2043 1216 2093 glans
1243 2050 1346 2093 penis
1376 2050 1477 2093 quasi
1503 2043 1782 2092 sanguinolenta
1814 2043 1904 2078 mihi

291 2118 375 2149 visa„
404 2110 465 2144 An
487 2108 588 2157 quod
610 2107 749 2141 lubrico
776 2112 924 2150 attritu,
953 2116 993 2140 ut
1013 2111 1052 2139 in
1081 2102 1159 2138 aliis
1182 2102 1401 2137 animalibus
1426 2108 1563 2145 visum,
1591 2101 1815 2135 sauciasset?
1843 2102 1905 2134 An

291 2173 481 2216 tentiginis
505 2175 541 2200 et
562 2170 662 2199 verni
690 2170 844 2212 pruritus
871 2162 1048 2197 effectus?

363 2227 414 2263 D.
434 2239 490 2273 27.
511 2221 666 2261 Floralis
681 2235 711 2270 7.
731 2221 807 2269 (18.
823 2221 915 2266 Maji
944 2217 1064 2267 1799.)
1090 2226 1206 2266 quum
1227 2214 1334 2255 valde
1356 2214 1525 2264 petulans
1551 2213 1696 2261 suisset,
1733 2225 1841 2262 saepe
1863 2225 1904 2248 os
