2054 2748
290 187 344 241 „ssffsj
658 194 1132 226 OBSERVATIONES
1181 195 1538 225 ZOOLOGICAE.

290 295 404 331 quum
427 280 569 317 duobus
594 287 698 315 annis
721 291 826 324 autc,
856 289 892 314 et
917 278 1010 314 sorte
1030 285 1148 314 minus
1174 288 1316 313 remoto
1342 279 1557 324 intervallo,
1582 286 1611 314 si
1631 292 1676 315 ex
1699 280 1893 316 altitudine

290 335 389 375 lluvii
416 338 545 373 urbem
576 338 818 373 transfluentis
846 335 1068 371 concludere
1096 335 1202 381 licet,
1228 345 1348 371 totum
1369 335 1462 371 illud
1484 348 1647 385 pratum,
1670 350 1734 385 per
1753 338 1895 386 aliquot

287 397 419 432 saltem
439 396 514 431 dies
530 395 749 429 inundatum
766 393 882 428 fuerit.

361 454 429 487 Ao.
451 453 479 487 5.
504 453 615 499 (¹797
646 450 766 496 Julio)
793 455 829 483 in
848 462 992 484 summo
1018 456 1208 484 cacumine
1235 455 1371 484 montis
1396 449 1591 485 Odilianae
1612 462 1726 499 prope
1752 451 1895 486 ulmum

288 509 482 546 colliculos
509 509 693 542 observavi
724 506 894 554 talpinos.
931 506 1117 541 Dubitans
1147 506 1285 554 talpam
1316 512 1353 541 in
1383 507 1454 541 hoc
1481 519 1596 554 usque
1624 507 1807 555 fastigium
1832 521 1896 555 per

288 578 411 602 cautes
439 575 655 612 tesquasque
679 568 945 611 penetravisse,
971 569 1172 611 suspicatus
1199 576 1299 608 sum⁷
1325 563 1421 598 illius
1441 569 1562 611 potius
1587 563 1680 598 adeo
1703 565 1897 599 desiderati

288 625 500 669 dudumque
529 620 657 655 trustra
684 626 835 668 quaesiti
864 626 975 656 muris
998 620 1279 668 (Seheermaus)
1303 632 1379 655 esse
1407 634 1507 668 opus.
1545 622 1667 667 Quare
1693 628 1897 670 praemium

287 685 470 730 proposui.
498 676 571 712 Sed
592 690 677 712 ecce
701 683 904 712 verissimae
924 678 1046 726 talpae
1067 677 1201 713 allatae
1220 688 1313 713 sunt.

360 738 509 783 Vesperi
528 747 647 769 versus
668 733 778 769 finem
798 736 889 781 Maji
909 745 1010 770 extra
1035 745 1167 770 terram
1192 739 1355 782 conspici
1379 744 1541 769 asserunt
1563 734 1760 770 hortulani.
1791 735 1895 783 (Sae-

287 800 365 842 pius
385 802 486 827 extra
511 801 642 826 terram
664 801 868 836 currentes,
889 804 973 826 cum
995 792 1142 827 sibilatu
1164 804 1241 826 sese
1261 802 1520 840 persequentes
1539 791 1737 827 observavi.
1757 792 1847 839 Ed.)

358 849 516 897 'l'alpam
534 849 710 884 scandere
728 854 906 884 asseritur.
935 849 976 883 Id
996 855 1105 884 etiam
1121 849 1207 883 inde
1220 860 1395 896 apparere
1414 847 1508 882 mihi
1520 848 1685 892 videtur,
1701 849 1802 895 quod
1819 848 1896 883 col-

286 907 419 942 liculos
443 907 517 951 ejus
540 911 710 953 copiosos
735 905 1004 940 observaverim
1024 919 1070 940 ex
1090 905 1187 941 vallo
1208 904 1325 949 urbis,
1354 904 1442 939 dum
1468 904 1639 939 excubias
1666 910 1742 951 egi⁷
1762 906 1898 950 ejectos

286 970 325 998 in
348 961 511 997 fortalitii
535 974 667 1009 genere
688 962 789 1010 quod
812 962 962 997 dimidia
983 962 1070 997 luna
1090 972 1259 1007 vocatur,
1284 972 1320 997 et
1339 974 1434 1009 aqua
1453 961 1618 1008 undique
1639 967 1815 1008 cingitur,
1837 971 1899 996 aut

286 1019 417 1055 saltem
437 1031 522 1053 curn
542 1017 644 1053 nulla
665 1018 816 1066 planitie
840 1025 1091 1053 communicat
1107 1047 1115 1063 ,
1138 1031 1212 1066 quo
1233 1018 1328 1053 adeo
1348 1018 1582 1053 adscendisse
1600 1030 1666 1066 per
1689 1030 1813 1053 muros
1831 1018 1899 1053 ali-

288 1086 470 1125 quantum
487 1075 683 1111 inclinatos
703 1075 806 1110 illam
827 1081 1002 1123 oportuit.
1029 1077 1127 1110 Nam
1147 1088 1258 1109 nemo
1279 1088 1366 1110 sane
1389 1074 1492 1109 illam
1513 1080 1605 1109 istuc
1625 1074 1767 1110 detulit.

359 1133 495 1181 Talpas
515 1145 592 1167 non
615 1133 749 1180 plantis
769 1138 933 1168 victitare
957 1131 1051 1166 illud
1070 1131 1162 1166 mihi
1182 1131 1374 1166 luculento
1397 1142 1614 1179 argumento
1639 1144 1715 1166 esse
1736 1131 1899 1176 videtur,

286 1190 389 1238 quod
409 1202 487 1224 non
508 1195 547 1224 in
574 1195 689 1237 agris,
712 1189 776 1224 sed
796 1194 907 1236 pratis
936 1194 1152 1236 pascuisque
1175 1188 1238 1224 ubi
1268 1189 1383 1224 multa
1412 1195 1550 1224 insecta
1581 1188 1814 1224 subterranea
1838 1188 1902 1222 de·

285 1256 396 1293 gunt,
414 1252 530 1290 vivat,
546 1256 582 1279 et
597 1245 699 1293 quod
714 1251 751 1279 in
766 1251 878 1292 pratis
901 1245 1004 1281 nulla
1025 1258 1189 1292 unquam
1212 1245 1337 1293 planta
1357 1245 1403 1280 ab
1425 1258 1547 1280 arrosa
1566 1245 1898 1292 rafflcelanguere,

283 1313 477 1349 nunquam
496 1312 647 1348 gramen
662 1312 885 1335 marcescere
900 1300 1120 1335 observetur.
1147 1303 1272 1336 Nocet
1285 1307 1392 1335 unice
1411 1311 1543 1336 terram
1562 1301 1816 1344 suffodiend03
1838 1314 1901 1336 ne-

285 1370 358 1405 que
380 1358 418 1391 id
445 1357 605 1391 multum
630 1367 693 1391 est.
721 1357 823 1400 Quid
848 1362 878 1391 si
903 1363 1027 1402 potius
1054 1357 1278 1402 tipularum,
1303 1357 1658 1405 scarabaeorumque
1694 1357 1809 1393 larvas
1838 1357 1901 1392 de-

287 1412 461 1448 struendo
483 1412 581 1445 utilis
604 1417 648 1445 sit
661 1412 676 1445 '?

360 1468 575 1503 Flavescens
590 1479 670 1501 mea
689 1466 789 1514 talpa
811 1478 890 1501 non
908 1472 985 1501 sine
1004 1465 1177 1514 exemplo
1196 1475 1258 1502 est,
1282 1466 1367 1514 (Tr.
1381 1465 1473 1514 Ed.)
1495 1467 1642 1515 (Plures
1657 1467 1748 1502 mihi
1766 1467 1900 1504 allatae

286 1533 326 1563 in
345 1525 486 1560 Alsatia
505 1530 700 1572 superiore.
725 1522 816 1570 Ed.)

572 1638 840 1682 SOREX
892 1638 1385 1682 CARINATUS.
1445 1638 1606 1682 Nobis.

359 1752 640 1786 Acrocinereus
652 1778 663 1793 ,
684 1750 821 1785 subcus
836 1749 997 1785 albidus
1014 1778 1024 1792 ‚
1041 1750 1276 1786 izzcisoribus
1292 1749 1477 1785 brmzneis
1490 1777 1502 1793 ,
1518 1749 1681 1784 macula
1698 1758 1791 1797 post
1807 1761 1899 1785 ocu—

290 1809 349 1843 los
370 1807 466 1842 alba
480 1835 490 1849 ,
519 1806 652 1841 cauda
673 1816 912 1849 attenuata,
935 1806 1072 1842 subcus
1093 1806 1459 1853 piloso-carinam.

343 1865 460 1899 Sorex
479 1869 667 1912 aquaticus
685 1863 938 1899 Dalcbencon.
957 1863 1017 1897 An
1030 1862 1174 1897 fodiens
1185 1863 1364 1898 Pallasc't'
1377 1863 1393 1897 s)
1413 1861 1529 1896 Color
1542 1861 1641 1909 apud
1654 1860 1897 1897 Schreberum

288 1935 366 1956 non
385 1921 593 1968 respondet.

361 1978 476 2013 Sorex
505 1977 781 2023 Quazenhemio
804 1976 896 2010 mihi
924 1981 1052 2009 missus
1076 1975 1145 2010 Ao.
1179 1978 1277 2023 1778.
1297 1976 1389 2011 nihil
1414 1974 1525 2010 habet
1551 1975 1668 2020 rubri,
1701 1986 1763 2010 aut
1789 1976 1897 2020 fulvi,

289 2035 352 2070 sed
372 2035 480 2070 dorso
502 2044 554 2069 est
575 2041 678 2082 nigro
692 2063 700 2077 ,
721 2034 846 2069 subtus
875 2045 895 2066 e
925 2038 1175 2066 cinerascente
1194 2032 1305 2067 albet.
1339 2032 1454 2067 Color
1472 2031 1535 2066 ille
1550 2031 1654 2066 albus
1677 2032 1841 2066 ascendit
1860 2038 1898 2066 in

290 2093 403 2128 latera
423 2104 537 2140 usque
559 2105 665 2139 supra
679 2091 819 2126 femora
834 2118 842 2135 ,
858 2089 920 2124 sed
937 2088 1161 2136 color-niger
1180 2094 1218 2123 in
1236 2088 1435 2124 femoribus
1451 2088 1692 2124 anterioribus
1707 2088 1897 2123 descendit

290 2155 327 2183 in
356 2149 446 2184 facie
471 2155 653 2184 anteriore
684 2154 722 2183 in
745 2148 858 2196 pedes
884 2158 1000 2194 usque
1020 2174 1029 2190 ,
1055 2151 1094 2180 in
1121 2145 1382 2193 posterioribus
1414 2144 1611 2179 semoribus
1642 2144 1830 2179 deseendit
1861 2151 1898 2180 in

289 2205 380 2240 facie
399 2212 609 2254 posteriore.
640 2205 757 2240 Color
780 2204 924 2239 albidus
946 2216 1025 2238 non
1047 2207 1180 2237 sensim
1208 2207 1246 2236 in
1273 2207 1418 2249 nigrum
1442 2202 1602 2246 desinit,
1632 2201 1696 2235 sed
1728 2201 1898 2236 distincta

291 2262 387 2298 linea
407 2275 560 2312 uterque
581 2263 686 2299 color
706 2263 982 2298 discriminatur.
1008 2259 1133 2294 Pedes
1151 2265 1351 2294 anteriores
1370 2271 1438 2293 nec
1459 2258 1570 2302 nudi,
1598 2271 1668 2292 nec
1689 2257 1818 2293 ciliatis
1843 2257 1897 2291 di-
