2054 2748
815 168 1202 197 MAMMALIA.
1756 160 1801 204 51

500 248 967 293 ERINACEUS
1017 247 1516 293 EUROPAEUS.

283 342 535 378 Seruiani-:mss
553 347 726 377 incisores
744 340 872 377 dentes
890 339 1041 388 oblique
1060 349 1246 376 truncatos
1264 340 1369 386 facit,
1390 339 1492 388 quod
1509 351 1596 375 sane
1610 355 1685 377 non
1704 348 1809 393 repe-⁴

210 404 285 444 ri0,
304 399 368 434 sed
396 398 557 447 perfecte
589 405 762 442 comem,
788 396 920 432 saltem
942 396 1048 431 nullo
1073 397 1186 431 modo
1214 397 1348 432 similes
1372 396 1530 445 gliribus
1567 396 1640 432 Sed
1660 399 1732 434 duo
1756 400 1811 438 illi

210 454 351 490 laniarii
373 455 643 499 recumbentes,
679 464 770 501 quos
797 458 919 501 potius
941 465 1009 501 pro
1039 452 1288 489 maxillaribus
1316 453 1540 502 simplicibus
1570 458 1809 491 anterioribus

211 510 433 546 Schreberus
450 510 584 555 habet,
608 521 686 543 non
704 508 818 544 modo
837 514 939 557 parvi
957 508 1157 557 brevesque
1179 520 1262 546 sunt
1274 538 1283 555 ,
1307 520 1348 546 ut
1367 509 1417 545 ob
1439 509 1476 545 id
1490 522 1557 559 pro
1573 509 1731 546 laniariis
1749 512 1812 548 ha-

210 567 287 604 beri
311 577 513 617 nequeant,
535 565 600 601 sed
619 575 656 601 et
677 570 715 600 in
735 565 873 601 ossibus
891 565 1238 601 intermaxillaribus
1256 566 1359 601 infixi
1378 576 1480 612 sunt,
1500 576 1540 602 ut
1557 567 1651 603 adeo
1670 579 1736 616 pro
1751 579 1811 602 vc-

210 630 353 660 rissimis
372 622 587 658 incisoribus
601 621 730 658 haberi
747 622 924 669 debeant,
937 623 1144 672 horumque
1158 623 1313 671 proinde
1331 636 1394 659 sex
1407 629 1445 658 in
1458 628 1644 672 superiore
1662 623 1813 659 maxilla

210 690 302 717 sunt.

280 744 424 780 Pedum
443 749 668 779 anteriorum
688 743 820 792 digitus
844 749 999 779 extimus
1017 743 1170 780 brevior.
1195 744 1328 780 Pollex
1341 744 1407 780 illo
1429 756 1624 794 perparum
1640 750 1813 781 remotior

209 811 270 837 est.
296 800 439 836 Pedum
458 805 701 848 posteriorum
720 800 853 848 digitus
870 800 1071 846 secundus,
1096 807 1221 837 tertius
1243 812 1279 837 et
1300 812 1448 851 quartus
1467 807 1663 837 successive
1683 807 1814 850 ungui-

209 859 276 894 bus
296 856 540 901 brevioribus;
560 862 629 905 ipsi
642 857 745 905 digiti
760 856 891 892 eadem
904 856 978 892 sere
998 857 1231 906 longitudine
1239 873 1248 903 3
1267 859 1332 894 sed
1347 868 1495 907 quartus
1509 864 1694 894 remotior.
1723 857 1814 894 Hal-

208 914 274 950 lux
293 920 402 949 etiam
426 919 539 961 magis
560 923 730 948 remotus
758 914 846 949 Post
865 926 950 949 eum
969 915 1033 950 sed
1056 920 1095 950 in
1113 915 1237 950 medio
1262 914 1495 951 tuberculum
1520 914 1812 958 carunculatum;

208 977 247 1007 in
266 970 362 1019 pede
380 983 465 1005 vero
485 976 667 1005 anteriore
685 970 768 1005 duo.
796 972 1045 1007 Mammarum
1066 972 1225 1020 papillae
1248 981 1345 1006 oct0.

280 1034 447 1070 Pilorum
474 1034 693 1070 ventralium
714 1040 890 1071 crassities
910 1035 1157 1071 diversissima.
1185 1035 1291 1071 Nulli
1314 1035 1425 1084 plane
1447 1033 1514 1083 pili
1538 1039 1633 1070 inter
1655 1034 1813 1070 aculeos.

208 1093 258 1126 Hi
285 1086 481 1126 difficulter
511 1091 740 1138 evelluntur,
776 1091 916 1127 facilius
945 1098 974 1127 si
995 1102 1224 1141 torquentur.
1261 1092 1385 1128 Striati
1413 1102 1517 1137 sunt,
1544 1091 1639 1137 albi,
1673 1092 1812 1127 annulo

208 1148 275 1184 sub
285 1154 388 1196 apice
402 1154 516 1195 nigro.
530 1150 626 1183 Basis
638 1148 837 1194 cylindrica
847 1159 901 1185 est
916 1160 953 1185 et
966 1149 1188 1185 foraminulo
1201 1159 1356 1198 pertusa.
1370 1149 1431 1185 Ad
1443 1148 1547 1184 basin
1560 1148 1814 1184 subincurvati.

207 1207 250 1240 In
269 1218 350 1240 area
370 1204 537 1239 circulari
556 1204 743 1252 pollicaris
771 1205 939 1241 diametri
960 1212 1100 1254 reperio
1123 1206 1272 1241 aculeos
1298 1206 1373 1252 175.
1404 1206 1513 1252 Aqua
1542 1211 1741 1249 maceravi,
1774 1214 1815 1240 ut

208 1268 247 1297 in
266 1271 448 1296 texturam
469 1266 702 1308 inquirerem.
734 1263 823 1295 Post
844 1268 979 1296 mensis
999 1262 1074 1296 fere
1088 1267 1246 1308 spatium
1268 1261 1448 1294 foetidum
1471 1260 1624 1293 odorem
1647 1272 1814 1307 spargere

208 1326 420 1364 coeperunt.
442 1317 531 1350 Post
559 1315 640 1363 plus
668 1328 778 1363 quam
807 1326 979 1351 semestre
1005 1322 1162 1364 spatium
1181 1322 1251 1351 toti
1279 1321 1456 1350 exinaniti
1480 1324 1574 1349 suut.
1603 1314 1678 1350 Alii
1696 1315 1814 1351 aculei

207 1381 336 1407 natant
349 1377 387 1403 iu
408 1370 597 1415 superficie
617 1370 840 1401 horizontali
859 1376 949 1410 situ,
968 1370 1030 1400 alii
1049 1373 1171 1412 jacent
1188 1376 1225 1401 in
1245 1370 1372 1402 fundo.
1402 1369 1479 1402 Alii
1497 1369 1647 1403 haerent
1668 1370 1715 1404 ad
1734 1384 1815 1419 per-

209 1425 449 1476 pendiculum
463 1452 471 1468 ,
494 1428 567 1458 sive
585 1427 623 1457 in
638 1421 828 1470 superficie
846 1427 919 1458 sive
939 1427 978 1457 in
994 1421 1120 1457 fundo.
1148 1423 1197 1457 Hi
1218 1434 1303 1458 vero
1324 1428 1468 1471 utrique
1490 1429 1541 1459 ita
1559 1434 1599 1459 ut
1617 1424 1692 1460 basi
1710 1439 1814 1475 supe-

206 1490 301 1519 riora
321 1487 424 1530 apice
444 1479 613 1515 inferiora
633 1484 838 1527 respiciant.

281 1549 393 1582 Natat
412 1545 505 1580 adeo
528 1543 654 1589 facile,
682 1554 722 1578 ut
740 1553 824 1592 post
847 1542 1100 1592 sesquihoram
1126 1547 1165 1577 in
1183 1542 1285 1578 dolio
1299 1555 1393 1592 aqua
1413 1543 1526 1593 pleno
1547 1544 1668 1580 adhuc
1683 1557 1812 1582 natan-

172 1622 175 1623 ⁷
208 1615 284 1641 tem
301 1608 516 1651 repererim,
532 1601 619 1636 licet
636 1611 743 1636 antea
759 1600 853 1635 adeo
874 1605 1090 1644 mersissem,
1109 1609 1150 1635 ut
1169 1599 1380 1649 frequenter
1393 1600 1528 1636 bulbae
1541 1607 1667 1637 aereae
1685 1616 1731 1639 cx
1751 1617 1812 1640 ore

210 1666 382 1705 exierint,
406 1669 442 1694 et
462 1671 527 1707 pro
548 1667 695 1692 mortuo
721 1662 760 1691 in
781 1656 958 1692 conclave
975 1656 1180 1702 retulerim,
1202 1657 1265 1692 ubi
1283 1664 1583 1694 semicontractus
1606 1665 1740 1696 iterum
1758 1674 1812 1696 re-

209 1723 343 1766 spirare
370 1721 513 1762 coepit,
541 1725 578 1749 et
599 1720 714 1761 vigori
741 1719 893 1762 pristino
920 1713 996 1748 fere
1023 1713 1185 1749 redditus
1207 1724 1285 1750 est:
1314 1715 1418 1764 quod
1445 1715 1492 1751 de
1518 1717 1594 1762 ejus
1621 1724 1812 1754 tenacitate

208 1779 302 1810 vitae
318 1780 479 1807 testatur.
506 1772 559 1805 Ita
583 1779 712 1804 natans
733 1769 858 1807 mollis
882 1778 935 1804 est
953 1779 1074 1816 tactu,
1098 1776 1183 1819 quia
1202 1781 1398 1807 eutaricum
1420 1773 1628 1808 musculum
1650 1787 1728 1810 non
1751 1775 1812 1810 ad-

209 1834 359 1877 stringit.
392 1829 479 1863 Non
499 1826 640 1861 videtur
658 1825 899 1861 suffocatione
913 1835 976 1862 aut
995 1839 1111 1875 aquae
1130 1833 1165 1864 vi
1179 1839 1344 1864 mortuus
1358 1841 1456 1875 esse3
1474 1843 1561 1866 nam
1574 1830 1691 1867 altero
1706 1844 1811 1867 mane

209 1890 327 1934 reperi
354 1890 393 1918 in
421 1896 561 1918 summa
590 1895 684 1931 aqua
712 1882 950 1929 haerentem,
984 1891 1139 1919 extcnsis
1167 1885 1340 1934 pedibus,
1368 1887 1629 1936 posterioribus
1655 1895 1810 1938 supinis,

210 1946 433 1978 anteriorum
452 1939 649 1988 pollicibus
664 1945 941 1988 patentissimis,
962 1947 1080 1990 capite
1094 1953 1216 1978 erecto
1230 1972 1239 1989 ‚
1263 1956 1325 1979 ore
1342 1956 1469 1994 aperto
1483 1973 1492 1991 ,
1511 1956 1548 1981 et
1562 1956 1663 1981 extra
1681 1956 1812 1993 aquam

209 2003 464 2047 prominente,
486 1995 603 2031 oculis
622 2002 855 2045 semiapertis.
883 1999 982 2046 Ergo
1009 2005 1130 2047 potius
1157 1999 1289 2048 [rigore
1309 2012 1345 2038 ct
1366 2002 1625 2051 defatigatione
1649 2012 1810 2037 mortuus

210 2067 286 2090 esse
306 2054 457 2090 videtur.

283 2111 343 2146 An
366 2110 479 2145 altera
506 2117 644 2160 species
663 2121 881 2147 venatorum
904 2111 967 2146 illa
986 2122 1057 2158 est,
1080 2125 1192 2161 quam
1212 2119 1307 2151 circa
1332 2116 1538 2151 Cadomum
1562 2118 1810 2150 Normanniae

213 2167 354 2214 (Caen)
380 2174 548 2216 reperiri,
569 2168 704 2203 aculeis
723 2168 914 2217 aliquanto
934 2168 1161 2216 longioribus
1176 2199 1184 2215 ‚
1204 2177 1308 2220 apice
1329 2179 1452 2221 purius
1467 2173 1576 2217 albis,
1595 2169 1717 2206 retulit
1735 2169 1810 2205 Le-

211 2226 354 2270 pagius
372 2223 673 2271 physicoplzilus
701 2226 958 2261 cadomensis
980 2226 1059 2260 Ao.
1079 2226 1110 2261 3.
1135 2227 1278 2276 (1795)

1488 2283 1522 2318 G
1548 2295 1570 2318 2
