2054 2748
277 131 355 187 154
629 137 1111 173 OBSERVATIONES
1145 138 1508 168 ZOOLocchE.

345 228 444 263 Lari
459 229 694 275 parasicici,
724 231 785 274 qui
808 229 912 259 initio
935 221 1160 271 Septembris
1184 221 1281 268 1786.
1310 227 1350 256 in
1372 231 1501 269 stagno
1526 221 1720 268 Brecourt,
1744 222 1883 258 duabus

272 285 387 320 leucis
407 287 427 318 a
450 285 672 327 Mirecourt,
701 282 830 317 decem
855 281 1022 326 Nancejo
1053 279 1209 315 distante
1231 288 1358 326 captus
1384 278 1473 324 suit,
1504 284 1611 315 missa
1640 278 1732 314 mihi
1754 279 1882 328 pellis,

273 341 431 376 feminae
450 346 528 375 sine
548 340 659 375 dubio
683 347 758 382 est,
777 349 864 371 nam
879 336 972 372 duae
984 342 1154 372 rectrices
1175 336 1260 371 licet
1278 341 1480 371 eminentes
1500 336 1646 384 pollicis
1665 336 1738 372 fere
1763 336 1883 384 longi-

275 398 402 434 tudine
417 426 426 443 ,
454 407 669 432 tamennon
693 403 796 429 erant
818 393 1061 441 longissimae.
1087 394 1260 428 Rostrum
1278 405 1357 428 non
1372 398 1565 429 incurvum
1583 403 1624 429 ut
1642 399 1680 428 in
1700 393 1802 437 laris,
1822 405 1885 427 ne-

273 467 346 503 que
365 465 451 490 ante
475 459 616 501 apicem
641 450 803 498 gibbum.
830 450 1050 498 Magnitudo
1073 462 1167 499 quae
1193 450 1389 485 ridibundi.
1416 449 1504 485 Plus
1527 449 1617 485 fusci
1642 449 1754 485 habet
1776 462 1885 498 quam

273 511 357 547 albi.
386 514 535 558 Capitur
560 519 710 557 quoque
730 509 879 543 Bernae.
904 507 990 542 Vidi
1008 512 1048 542 in
1066 519 1193 542 museo
1216 506 1474 555 Spriingliano.

626 612 891 656 LARUS
938 611 1338 654 MAXIMUS.
1382 610 1543 654 Nobis.

344 711 475 746 Albus
489 738 500 753 ‚
521 710 600 745 alis
618 710 812 759 dorsoque
831 712 946 744 canis
959 736 971 751 ,
990 708 1189 757 palpebris
1207 710 1463 756 sanguineis,
1485 710 1680 755 remigum
1698 720 1766 743 sex
1783 709 1887 755 prio-

274 781 359 804 rum
383 767 564 816 apicibus
588 770 712 815 nigris
734 767 828 802 albo
851 768 1086 802 terminatis.

346 827 499 860 Extensi
521 824 694 859 latitudo
719 824 857 872 pedum
881 832 1038 871 quatuor
1058 833 1143 856 cum
1159 820 1322 856 dimidio.
1349 820 1579 868 Lotzgicziclo
1599 819 1645 854 ab
1663 825 1767 867 apice
1783 824 1889 854 rostri

273 883 320 918 ad
341 882 479 930 pedum
502 887 770 917 extremitatem
789 886 895 915 unius
919 881 1041 928 pedis,
1066 880 1196 915 decent
1216 878 1406 927 pollicum.
1434 879 1622 913 Rostrum
1637 877 1788 922 ssavum,
1811 890 1889 912 ma-

274 939 386 974 xillae
405 938 583 973 inferioris
606 944 710 986 apice
730 937 825 972 ultra
849 937 1083 972 tuberculum
1103 942 1282 972 amantio,
1308 934 1512 983 Palpebrae
1539 945 1575 970 et
1594 941 1703 970 rictus
1726 939 1891 982 gingivae

275 995 522 1041 pulcherrime
550 993 798 1028 cinnabarina.
835 993 1006 1027 Palatum
1032 1003 1230 1027 retrorsum
1261 1001 1446 1026 serratum.
1488 994 1562 1026 Iris
1593 991 1732 1039 pallide
1760 996 1890 1026 citrina

278 1057 429 1098 gtopasii
450 1049 556 1085 diluti
583 1049 742 1096 colore).
771 1048 898 1083 Pedes
917 1048 1056 1096 pallide
1080 1048 1181 1084 luteo
1203 1047 1402 1083 subcarnei.

349 1107 545 1140 Reccrices
572 1105 791 1149 duodecim,
820 1104 1013 1151 aequales,
1043 1104 1160 1139 albae.
1188 1106 1363 1138 Dorsum
1391 1116 1526 1138 canum
1548 1103 1703 1151 alaeque
1733 1115 1891 1151 superne

276 1172 311 1198 ct
330 1161 510 1209 scapulae.
546 1160 634 1195 Albi
661 1171 745 1196 sunt
770 1166 891 1209 apices
918 1163 1137 1207 remigum,
1168 1159 1268 1194 alula
1295 1165 1415 1208 spuria
1443 1169 1480 1194 et
1505 1165 1670 1194 tectrices
1693 1159 1890 1195 inferiores.

276 1221 377 1269 Nigri
393 1224 513 1266 apices
533 1229 597 1252 sex
615 1223 795 1264 remigum
815 1222 1040 1251 anteriorum
1063 1216 1329 1261 decrescendo,
1344 1216 1536 1263 nigredine
1552 1215 1696 1263 longius
1711 1216 1890 1263 producta

277 1280 314 1308 in
332 1280 497 1322 margine
519 1279 696 1309 tenuiore.
725 1273 883 1308 Rhacliis
903 1278 1013 1308 etiam
1033 1272 1163 1307 harum
1178 1278 1290 1320 nigra.
1311 1274 1432 1307 Prima
1450 1285 1577 1307 remex
1590 1271 1665 1307 fere
1680 1281 1756 1308 tota
1777 1278 1891 1320 nigra,

277 1330 422 1365 macula
434 1342 566 1377 magna
582 1342 701 1365 versus
716 1335 861 1377 apicem
874 1335 1052 1377 apiceque
1065 1328 1168 1365 albis.
1189 1329 1359 1364 Secunda
1375 1329 1537 1375 ejusdem
1552 1329 1626 1364 fere
1639 1329 1892 1377 longitudinis,

277 1386 423 1420 macula
446 1386 530 1420 alba
555 1392 685 1432 exigua
711 1386 846 1431 gaudet
872 1394 1016 1432 praeter
1038 1390 1191 1431 apicem.
1227 1385 1406 1431 Reliquae
1435 1395 1594 1432 quatuor
1622 1392 1725 1434 apice
1747 1395 1892 1421 tantum

278 1441 393 1476 albae.
421 1442 563 1475 Totum
583 1439 767 1488 reliquum
788 1452 918 1487 corpus
938 1444 1094 1474 niveum.

353 1499 462 1533 Vivus
485 1507 610 1545 captus
638 1496 707 1531 Ao.
742 1509 839 1542 1772.
862 1501 968 1530 initio
996 1495 1225 1532 Novembris.
1255 1495 1308 1530 Cs.
1334 1497 1410 1542 ejus
1435 1497 1630 1546 descriptio
1658 1503 1696 1532 in
1726 1497 1893 1533 Tabulis

280 1557 377 1589 meis
404 1554 674 1601 Affinicaczim
696 1552 968 1587 Animalizim.

611 1655 878 1699 LARUS
926 1655 1562 1700 TRIDACTYLUS?

355 1750 422 1783 Αο.
448 1748 546 1796 1775.
567 1748 601 1783 d.
628 1763 678 1795 ¹7·
696 1747 799 1783 Febr.
821 1757 1004 1797 acceptus.

353 1805 601 1853 Blagnicudo
617 1804 814 1840 columbae
826 1806 982 1851 majoris.
998 1805 1189 1840 [accensio
1204 1811 1310 1840 trium
1322 1804 1461 1854 pedum
1482 1815 1518 1841 et
1529 1804 1686 1840 duorum
1699 1805 1890 1854 pollicum.

282 1862 512 1910 [iongitudo
535 1862 582 1897 ad
605 1868 749 1910 apicem
773 1862 912 1897 caudae
934 1862 1096 1896 sedecim
1115 1862 1304 1910 pollicum.
1332 1862 1431 1898 Alba
1446 1868 1592 1907 omnia,
1617 1873 1761 1911 praeter
1778 1873 1894 1899 totam

282 1918 510 1967 superficiem
539 1924 763 1967 superiorem
790 1924 995 1962 cineream,
1029 1918 1144 1953 cauda
1164 1929 1317 1967 excepta
1341 1932 1434 1968 quae
1458 1929 1535 1955 tota
1560 1919 1663 1965 alba,
1691 1930 1728 1956 et
1749 1919 1892 1965 fronte3

283 1975 370 2010 colli
387 1987 535 2023 quoque
555 1982 718 2024 superior
737 1975 946 2024 superficies
962 1975 1306 2024 pallidius-cinerea.
1334 1978 1520 2012 Rostrum
1538 1978 1891 2022 virescenti-flavum,

281 2037 480 2080 porrinum.
507 2033 729 2080 Palpebrae
749 2038 971 2078 miniaceae,
991 2033 1123 2067 nudae.
1151 2034 1271 2068 Iridis
1294 2034 1452 2069 annulus
1470 2034 1584 2070 albus.
1610 2035 1738 2069 Pedes
1757 2034 1892 2069 tridac-

284 2088 367 2134 tyli,
393 2087 528 2136 pollice
555 2089 731 2137 papillam
754 2095 1034 2125 minutissimam
1055 2089 1254 2134 referente,
1277 2097 1437 2136 mutico;
1458 2092 1564 2127 color
1584 2097 1696 2139 niger.
1722 2092 1892 2126 Femora

283 2145 569 2180 semidenudata.
609 2147 761 2181 Remeit=
784 2154 901 2196 prima
924 2152 1087 2194 margine
1117 2152 1298 2181 anteriore
1325 2156 1361 2182 et
1385 2154 1488 2196 apice
1515 2153 1627 2195 nigra.
1664 2147 1833 2182 Secunda
1856 2156 1892 2182 et

285 2208 390 2238 tertia
402 2207 505 2250 apice
520 2208 631 2251 nigra.
653 2204 791 2250 Quarta
807 2215 843 2240 et
859 2210 985 2252 quinta
1000 2209 1103 2253 apice
1117 2203 1202 2239 albo
1215 2231 1224 2251 ,
1235 2202 1342 2239 fascia
1358 2210 1468 2252 nigra.
1483 2206 1586 2239 Haec
1598 2210 1722 2240 omnia
1738 2216 1892 2253 superne
