2054 2748
253 166 307 211 50
607 172 1082 207 osssznvArloNEs
1123 172 1502 204 zooLoo1CA13.

326 260 422 297 Milli
435 265 549 296 visum
570 270 624 296 est
644 260 743 295 hunc
759 270 951 294 araneum
969 268 1100 292 vocare
1114 284 1123 302 ,
1142 262 1226 305 quia
1246 256 1393 305 reliquis
1410 264 1500 292 meis
1519 257 1589 293 alia
1605 267 1689 307 apia
1703 264 1856 295 nomina

251 332 272 354 a
292 318 462 354 distincta
483 317 641 366 quadam
664 328 765 366 parre
787 320 946 363 reperio,
968 323 1004 348 et
1029 319 1113 362 quia
1135 319 1174 347 in
1192 313 1314 348 Faba·
1336 313 1522 350 thesauro
1543 315 1643 363 lego:
1663 315 1781 351 Sorex
1804 326 1858 352 est

251 382 363 412 muris
381 374 568 424 quoddam
593 388 706 423 genus
727 373 898 407 rubeum.
927 370 1036 407 Unde
1060 370 1124 405 ille
1146 369 1282 405 habeat
1303 370 1428 406 adhuc
1451 373 1720 420 inquirendum.

327 432 460 475 Sorvx,
485 444 594 479 quem
622 435 742 479 pueri,
767 434 830 476 qui
861 427 934 463 hoc
956 433 1161 462 venationis
1187 440 1301 475 genus
1320 428 1391 463 Ao.
1408 429 1439 463 5.
1471 429 1617 476 (1797.)
1643 443 1716 477 quo
1745 429 1859 478 pluri-

251 501 354 524 mum
374 489 498 523 damni
516 500 634 522 mures
653 495 874 533 campestres
893 484 1114 530 attulerunt,
1128 484 1207 520 ludi
1227 498 1351 520 caussa
1365 498 1534 520 exercerc
1548 486 1739 532 solebant,
1754 487 1788 522 d.
1805 490 1858 523 κδ.

253 546 425 581 Octobris
444 555 528 580 anre
546 542 824 591 propugnacula
845 542 943 578 urbis
962 553 1112 592 capium
1133 547 1255 578 vivum
1281 542 1493 578 attulerunt.

325 604 412 638 Non
433 602 466 635 S.
482 609 781 646 cecragmmms‚
802 612 876 648 quo
896 606 1011 647 magis
1026 610 1079 635 est
1097 605 1218 647 niger,
1233 609 1358 635 ventre
1377 612 1456 634 non
1475 598 1631 633 obscuro
1649 627 1657 644 ‚
1677 599 1740 634 sed
1759 598 1860 644 albo,

253 658 424 694 albedine
446 663 483 691 in
507 656 622 691 latera
646 656 915 703 adscendente,
946 663 984 691 in
1008 669 1082 705 quo
1107 668 1191 691 curn
1212 655 1248 691 S.
1268 655 1505 691 leucodonce
1523 662 1706 691 convenit.
1734 656 1861 691 Gauda

252 721 361 750 etiam
380 726 456 748 non
476 722 530 748 est
548 712 746 761 quadram,
770 712 933 759 brevior,
957 713 1039 762 pilis
1060 718 1193 761 passim
1214 712 1342 761 longis.
1369 715 1411 748 111
1431 725 1502 761 qua
1522 725 1561 748 re
1580 718 1754 747 convenit
1776 724 1861 746 cum

253 771 289 807 S.
307 770 551 817 leur-oderim,
578 775 689 805 etiam
709 769 837 806 albore
861 771 1037 806 dentium.
1065 770 1140 805 Sed
1164 769 1270 805 color
1287 770 1385 805 dorsi
1405 776 1530 818 niger,
1555 769 1672 818 qualis
1699 779 1752 805 est
1774 780 1858 803 meo

252 833 433 877 aquatica

324 884 456 919 &ulcus
485 896 591 932 supra
625 897 755 920 nasum
783 895 890 921 acute
927 889 1203 932 emarginatum.
1241 882 1466 918 Auria—ulae
1497 881 1692 917 dimidium
1724 893 1862 916 conum

251 951 460 980 truncatum
481 940 650 976 referunt.

325 999 450 1044 Quum
480 1009 524 1032 ex
550 997 686 1042 linteo,
718 1003 776 1032 cui
801 998 987 1034 involutus
1009 1008 1106 1043 erat,
1138 1002 1395 1041 extricaretur,
1424 1007 1590 1030 morsum
1611 999 1786 1038 tentavit3
1814 1006 1863 1029 an

252 1061 406 1090 omnino
427 1054 619 1089 dolorifice
643 1054 814 1089 mordere
833 1054 976 1099 valeat,
998 1060 1139 1102 ignoro.

325 1114 487 1159 Imposui
506 1116 644 1160 vesperi
662 1110 759 1145 ollae
777 1121 870 1146 terra
890 1110 1061 1159 repletae.
1088 1109 1322 1158 Superindidi
1339 1120 1525 1153 muscum,
1544 1117 1580 1143 et
1594 1113 1668 1143 texi
1684 1119 1864 1156 campana

252 1174 375 1205 vitrea.
403 1167 513 1202 Haud
533 1167 656 1216 elapsa
680 1178 756 1203 erat
775 1167 927 1203 dimidia
948 1167 1056 1213 hora,
1077 1180 1191 1216 quum
1215 1178 1301 1201 ecce
1326 1165 1529 1200 discurrens
1549 1170 1587 1199 in
1606 1163 1775 1199 com-laxi
1793 1163 1860 1198 ob-

251 1235 421 1260 servatur.
449 1224 598 1259 Scilicet
609 1237 647 1259 se
662 1224 870 1269 defoderat,
882 1235 918 1259 et
933 1230 1026 1259 inter
1040 1236 1241 1272 campanae
1257 1222 1429 1271 ollaeque
1445 1227 1598 1270 parietes
1610 1221 1862 1266 adscenderat,

250 1280 495 1327 delapsusque
509 1280 555 1313 de
573 1280 651 1314 alto
667 1289 719 1314 est
734 1286 773 1313 in
786 1286 1048 1327 pavimentum.
1074 1279 1202 1315 Nihilo
1223 1285 1338 1314 secius
1351 1278 1495 1325 agiliter
1511 1283 1670 1312 cucurrit
1690 1277 1865 1325 undique,

251 1347 287 1372 ct
306 1348 413 1383 aegre
443 1335 615 1381 tandem,
643 1337 890 1384 superinjecto
918 1335 1096 1382 reticulo,
1128 1345 1256 1383 captus
1281 1344 1353 1380 est,
1382 1340 1479 1370 inter
1497 1335 1600 1380 cujus
1625 1334 1866 1380 marginalem

253 1391 432 1428 circulum
459 1390 660 1425 limbumve
686 1400 723 1424 et
744 1396 995 1436 pavimentum
1019 1399 1128 1422 acuto
1155 1401 1221 1421 suo
1250 1401 1340 1422 naso
1359 1390 1504 1422 fodiens
1531 1395 1674 1435 saepius
1695 1400 1865 1426 evaserat.

324 1449 459 1484 Rursus
480 1451 518 1480 in
539 1445 615 1480 olla
635 1450 795 1493 positus,
817 1457 902 1479 cum
921 1450 1095 1492 pauciore
1117 1456 1266 1489 mUSCO,
1294 1449 1333 1478 in
1360 1443 1552 1491 superficie
1576 1445 1650 1490 jam
1678 1446 1865 1492 consedit,

253 1506 444 1554 aliquanto
465 1501 692 1547 subsultans,
712 1507 821 1536 etiam
844 1501 1070 1549 quandoque
1092 1500 1140 1535 ad
1162 1506 1317 1548 parietes
1337 1499 1575 1534 adscendens.
1603 1501 1725 1535 Etiam
1746 1507 1866 1550 impo-

254 1568 364 1600 situm
386 1559 561 1595 ballicum
582 1557 795 1602 adscendit,
821 1557 885 1592 sed
915 1570 992 1592 non
1019 1556 1203 1605 unguibus
1230 1555 1443 1603 haerendo,
1468 1568 1572 1592 more
1590 1562 1722 1604 muris,
1741 1571 1867 1595 verum

254 1619 386 1670 palmis
405 1615 687 1665 amplectendO,
703 1624 739 1649 et
752 1624 793 1649 ut
812 1624 1003 1662 appareret
1021 1613 1219 1648 difficulter
1236 1613 1324 1648 fieri.

327 1679 469 1722 Corpus
488 1673 707 1721 plerumque
727 1676 931 1715 contraxit,
947 1680 987 1705 ut
1006 1670 1203 1718 quadratus
1222 1670 1376 1706 sederet.

329 1731 460 1767 Cibum
477 1742 606 1778 capere
621 1742 698 1764 non
715 1729 811 1774 vidi,
829 1738 865 1764 et
883 1727 1074 1775 hucusque
1089 1732 1220 1775 ignoro
1234 1739 1281 1761 an
1295 1726 1428 1775 palmis
1443 1730 1498 1760 ori
1515 1725 1720 1761 admoveat.
1740 1725 1865 1763 Grana

255 1794 367 1826 tritici
385 1797 421 1823 et
440 1787 703 1821 manducatum
722 1798 857 1835 panem
882 1797 959 1820 non
984 1789 1112 1832 tetigit.
1139 1785 1253 1819 Mane
1272 1788 1411 1819 insecta
1430 1782 1602 1831 praebere
1622 1783 1864 1820 decreveram.

257 1846 330 1882 Sed
350 1845 478 1880 eadem
492 1843 612 1879 adhuc
625 1855 795 1892 vespera,
815 1842 928 1879 tribus
942 1841 1042 1876 horis
1057 1850 1251 1889 postquam
1265 1851 1497 1888 acceperam,
1511 1849 1677 1874 mortuus
1691 1851 1865 1888 repertuS,

258 1903 399 1940 sedenti
419 1901 554 1936 similis.

330 1959 494 1994 Odorem
514 1970 591 1994 non
610 1963 678 1993 nisi
697 1958 920 1993 levissimum
946 1954 1152 1999 observavi,
1173 1964 1285 2001 quam
1307 1952 1355 1988 ab
1377 1952 1509 2002 hypnis
1527 1951 1657 2001 quibus
1680 1957 1865 2000 imposue-

258 2028 355 2061 ram,
375 2020 597 2050 contraxisse
615 2015 768 2050 videtur.

330 2074 373 2107 In
394 2071 540 2116 charta,
558 2083 663 2120 supra
686 2083 797 2120 quam
815 2075 909 2105 inter
933 2066 1216 2103 describendum
1237 2071 1364 2114 posui,
1383 2078 1531 2101 aearum
1551 2065 1750 2101 discurrere
1773 2065 1863 2111 vidi,

260 2128 369 2163 celeri
402 2141 507 2163 cursu
524 2157 533 2173 ,
556 2128 731 2176 planum,
757 2129 892 2174 juniori
920 2131 1034 2160 ricino
1063 2123 1231 2158 similem.
1259 2124 1356 2158 Tum
1380 2124 1493 2158 alium
1520 2128 1557 2158 in
1587 2121 1668 2170 pilis
1699 2128 1864 2167 mystacis

260 2183 496 2231 haerentem,
516 2184 721 2233 oblongum
732 2211 743 2232 ,
757 2183 894 2220 album.
910 2184 1116 2231 Utrumque
1127 2186 1230 2216 amisi
1243 2208 1252 2227 ,
1265 2191 1465 2230 antequam
1479 2185 1637 2216 curatius
1656 2185 1864 2215 examinare

261 2247 470 2288 potuissem.
