2054 2748
776 174 814 201 M
836 172 921 200 AM
943 170 1165 200 MALIA.
1727 173 1778 216 03

243 260 463 297 Disseremia
481 262 675 307 praecipua
691 268 839 306 quoque
854 265 906 290 est
922 261 1144 299 innumero,
1158 252 1273 287 forma
1287 280 1294 296 ,
1310 261 1343 287 ct
1364 251 1491 286 colore
1507 265 1779 300 squamarum.

243 320 286 353 In
310 315 603 365 longicaudaca
624 319 731 349 series
757 325 822 362 per
841 311 1075 347 latitudinem
1098 316 1226 358 viginti
1254 320 1323 345 tres
1354 320 1460 354 sunt,
1483 318 1639 357 squamis
1662 313 1779 348 multo

171 373 449 422 angustioribus.
477 375 519 408 In
540 371 830 407 l11·e2»1·camlaca
848 374 955 404 series
982 378 1125 403 tantum
1146 367 1331 403 tredecim.
1359 368 1429 401 Per
1451 365 1721 414 longitudinem
1744 376 1781 404 in

170 431 235 466 illa
266 435 496 479 septuaginta
531 428 579 463 ad
606 432 835 475 septuaginta
867 425 956 459 duas
987 437 1162 470 numere,
1196 431 1234 459 in
1266 423 1340 458 hoe
1369 433 1513 460 tanturn
1542 424 1780 472 quadraginta

171 500 349 524 novem·-

246 544 372 579 Cauda
393 542 488 577 illius
507 541 554 575 ad
574 540 676 574 basin
704 553 820 577 unum
844 540 1021 589 pollicem
1047 549 1083 573 et
1112 549 1197 573 octo
1220 539 1334 574 lineas
1360 538 1453 584 lata,
1482 552 1547 587 per
1569 539 1782 587 quindecim

171 601 328 650 pollices
348 600 475 634 eadem
498 597 691 633 latitudine
711 596 959 646 lateribusque
984 595 1169 645 parallelis
1189 602 1406 644 porrigitur,
1429 606 1467 631 et
1490 596 1640 631 demum
1662 610 1783 631 versus

140 656 145 659 ’
172 659 285 694 finem
303 661 437 691 sensim
456 660 663 703 sensimque
684 664 907 702 angustatur.
936 657 1121 689 Crassities
1141 653 1189 688 ad
1211 653 1310 688 basin
1332 653 1537 702 pollicaris,
1558 659 1596 688 in
1614 660 1784 688 extremi-

171 726 246 751 tate
258 725 395 749 novem
408 712 599 747 linearum.
626 714 668 747 In
682 721 785 760 parte
805 718 991 760 superiore
1012 711 1106 746 duae
1121 723 1294 759 squamae
1309 710 1476 745 laterales
1490 738 1497 755 ‚
1515 716 1628 757 magis
1648 716 1782 746 intror-

171 784 252 808 sum
273 770 474 819 productae
490 781 601 818 quam
621 774 659 803 in
678 767 793 804 altera
812 774 951 817 specie,
972 778 1051 803 tum
1070 768 1205 803 media:
1224 773 1263 802 in
1277 773 1368 802 serie
1383 773 1550 815 sequenti
1573 768 1666 802 duae
1690 774 1784 803 inter

171 828 253 864 illas
273 837 344 862 tres
364 832 514 874 positae.
541 827 583 860 In
602 835 705 873 parte
734 825 905 860 inferiore
930 825 1045 860 cauda
1065 838 1214 873 quoque
1239 824 1392 873 paulum
1419 836 1583 860 convexa
1603 835 1678 871 cst,
1702 837 1782 860 cae-

172 886 257 920 dem
283 895 455 932 squamae
477 881 645 918 laterales
665 882 857 928 videntur,
885 889 970 931 quia
991 895 1142 917 carenae
1165 881 1323 917 formam
1354 891 1495 929 gerunt.
1533 884 1704 916 Ceterum
1732 888 1785 917 uti

172 948 210 976 in
228 951 330 990 parte
346 945 539 988 superiore.

244 1001 286 1032 ln
307 996 599 1032 bmm'candaca
624 1008 644 1030 e
664 1001 847 1032 contrario
872 997 987 1031 cauda
1012 997 1122 1045 plane
1142 1002 1389 1041 semiconica‚
1417 1008 1574 1044 superne
1604 1008 1787 1043 convexa,

170 1054 312 1089 inferne
331 1053 462 1102 plana,
486 1052 533 1087 ad
552 1052 654 1087 basin
672 1063 830 1100 quatuor
846 1052 1002 1101 pollices
1025 1066 1108 1088 cum
1131 1053 1283 1089 dimidio
1304 1053 1400 1098 lata,
1417 1053 1508 1088 duos
1527 1052 1681 1101 pollices
1697 1063 1786 1088 tres-

171 1124 243 1161 que
260 1111 374 1146 1111ρίιὸ
393 1123 519 1146 crassa.
545 1112 596 1145 In*
607 1109 778 1144 inferiore
798 1120 901 1158 parte
929 1123 1103 1158 squamae
1130 1124 1208 1146 non
1233 1110 1341 1145 binae
1369 1121 1404 1145 et
1434 1120 1583 1155 ternae⁷
1608 1111 1672 1145 sed
1696 1123 1784 1159 qua-

171 1179 298 1204 ternae
313 1178 348 1203 et
364 1178 489 1204 ternae
508 1167 733 1202 alternantes
746 1196 754 1212 ,
776 1173 937 1203 minores
958 1180 1069 1216 quam
1088 1173 1125 1203 in
1144 1178 1247 1216 parte
1261 1173 1447 1215 superiore
1464 1195 1471 1213 ‚
1487 1180 1600 1215 quum
1614 1173 1652 1202 in
1667 1167 1786 1214 longi-

173 1226 328 1260 caudata
348 1231 520 1273 utrinque
540 1224 686 1272 aequali
706 1225 969 1271 magnitudine.

245 1282 371 1317 Gauda
392 1281 560 1316 inferiora
574 1293 695 1315 versus
713 1292 860 1315 recurva
872 1308 880 1323 ,
893 1293 1052 1328 vereque
1065 1280 1283 1327 prehensilis
1303 1292 1379 1313 esse
1396 1280 1556 1322 videtum
1573 1279 1693 1326 quod,
1713 1293 1786 1314 una

172 1352 257 1375 eum
276 1337 458 1384 unguibus
473 1343 630 1371 incurvis
643 1364 651 1378 ,
666 1336 808 1370 animal
827 1336 976 1370 arbores
995 1336 1177 1370 scandens
1196 1336 1333 1369 indicat
1347 1350 1354 1376 3
1368 1334 1646 1368 brevicaudatae
1666 1334 1784 1369 hoece,

171 1407 250 1430 non
271 1402 333 1427 est.
360 1392 494 1425 Tarsus
514 1388 708 1434 elongatus
729 1387 768 1421 id
788 1392 899 1421 etiam
918 1387 1053 1434 prodit.

246 1446 537 1495 Quatuordecim
559 1445 787 1479 dinumerari
808 1454 946 1487 eosta53
970 1443 1099 1479 artiFex
1120 1454 1247 1492 postea
1270 1445 1483 1493 quindecim
1504 1447 1595 1480 mihi
1618 1447 1752 1483 retulit.

246 1503 434 1549 Condylus
449 1508 601 1537 interior
621 1506 859 1536 extremitatis
881 1500 1059 1535 inferioris
1074 1500 1217 1536 humeri
1233 1501 1345 1549 longe
1360 1508 1556 1538 introrsum
1573 1504 1784 1551 productus,

174 1571 223 1599 ita
243 1572 283 1597 ut
303 1566 511 1596 extremitas
540 1559 633 1593 haee
657 1558 764 1594 valde
789 1558 959 1603 dilatata7
991 1557 1169 1593 foramine
1200 1558 1354 1607 obliquo
1380 1573 1486 1608 supra
1514 1560 1617 1595 illam
1645 1567 1786 1609 penitus

173 1628 401 1669 penetrante.

246 1678 379 1711 Forma
405 1686 640 1723 squamarum
670 1679 707 1708 in
729 1674 853 1707 Mam·
873 1671 1167 1721 longa-audam
1194 1672 1312 1707 multo
1335 1673 1484 1721 longior
1504 1687 1616 1723 quam
1634 1675 1727 1721 lata,
1751 1682 1788 1712 in

177 1732 466 1769 brevicaudam
496 1731 604 1765 latior
632 1743 743 1778 quam
767 1729 890 1777 longa.
926 1729 1108 1777 Squamae
1135 1735 1245 1764 etiam
1272 1736 1310 1764 in
1338 1730 1401 1766 illa
1424 1744 1501 1766 non
1531 1737 1579 1767 ita
1607 1733 1788 1780 regulares

175 1802 287 1839 quam
303 1795 339 1824 in
357 1788 446 1832 hac,
470 1787 534 1822 sed
552 1797 649 1821 retro
671 1796 780 1834 caput
804 1786 951 1821 latiores
976 1796 1012 1821 et
1036 1785 1239 1822 obtusiores
1256 1815 1263 1833 ‚
1284 1794 1489 1837 arctiusque
1508 1802 1698 1837 appressae
1716 1804 1722 1825 :
1751 1798 1787 1826 in

175 1858 278 1895 tergo
294 1846 421 1894 duplo,
436 1851 511 1879 imo
528 1844 638 1892 triplo
652 1843 839 1891 longiores
859 1856 969 1891 quam
988 1842 1104 1887 latae3
1121 1849 1169 1878 ita
1181 1871 1189 1887 ,
1204 1853 1244 1878 ut
1260 1855 1439 1892 quantum
1455 1851 1493 1880 in
1504 1852 1663 1894 squamis
1678 1861 1786 1881 unam

176 1905 329 1940 alteram
352 1902 559 1951 tegentibus
594 1906 713 1940 metiri
746 1911 782 1936 et
807 1906 996 1936 aestimare
1024 1900 1109 1935 licet
1129 1929 1137 1945 ,
1171 1900 1317 1936 illarum
1345 1915 1416 1937 una
1448 1903 1593 1951 pollicis
1631 1916 1665 1939 et
1703 1915 1785 1939 octo

176 1961 355 1996 linearum
376 1958 670 2007 longitudinem,
691 1968 725 1992 et
745 1968 886 2006 septem
903 1968 1046 1993 tanturn
1067 1957 1247 1992 linearum
1261 1987 1267 2003 ,
1281 1959 1448 2008 adeoque
1471 1960 1542 1995 fere
1562 1967 1689 1996 tertiae
1712 1972 1786 1994 'an—

176 2029 255 2053 tum
274 2023 384 2066 partis
397 2045 405 2061 ‚
426 2016 660 2051 latitudinem
680 2015 823 2051 habeat.
844 2017 945 2051 Pone
966 2015 1140 2050 humeros
1153 2016 1334 2064 quaedam
1346 2027 1429 2052 sunt
1446 2019 1603 2064 majores
1617 2047 1623 2058 ,
1636 2032 1681 2059 (111
1712 2028 1788 2050 sum

176 2088 249 2110 una
275 2075 486 2123 quindecim
516 2074 626 2109 lineas
652 2073 745 2119 lata,
770 2073 952 2122 simulque
973 2073 1140 2109 obtusior
1163 2086 1311 2121 quoque
1338 2085 1401 2110 est.
1429 2076 1471 2109 In
1499 2085 1661 2109 extrenn„
1708 2079 1788 2108 'orsi

178 2131 237 2167 vel
255 2133 300 2167 ad
326 2132 426 2166 basin
451 2131 588 2166 caudae
606 2144 679 2166 una
699 2130 932 2178 longitudine
951 2131 1124 2165 undecim
1146 2130 1336 2167 linearum.

250 2191 292 2223 In
313 2189 602 2224 brevicczmlam
620 2201 701 2223 mea
715 2217 722 2231 ,
743 2201 893 2236 squama
914 2195 1008 2222 inter
1030 2188 1201 2223 humeros
1225 2189 1439 2236 quindecim
1458 2188 1571 2222 lineas
1598 2187 1725 2234 longa,
1753 2197 1787 2221 et

179 2244 226 2280 ad
247 2245 349 2280 basin
368 2251 444 2281 sine
459 2246 571 2282 dubio
595 2246 804 2283 octodecim
824 2246 938 2281 lineas
952 2255 986 2280 et
1005 2244 1101 2282 ultra
1120 2245 1214 2291 lata3
1234 2256 1297 2282 aut
1317 2246 1440 2294 quoad
1460 2249 1671 2291 conspicere
1688 2243 1788 2290 licet,
