2054 2748
896 150 1110 181 AVES.
1731 162 1807 204 179

199 239 421 269 saturatiore.
449 234 542 269 Alae
561 234 718 281 plicatae
733 233 966 281 longitudino
989 234 1136 269 caudae.
1164 233 1426 270 Abundantiae
1441 248 1502 272 aut
1523 242 1713 286 peculiaris
1733 242 1805 278 for-

197 303 279 326 mae
307 297 345 325 in
366 296 496 338 pennis
521 290 624 325 nihil.
656 289 749 338 (Sed
768 303 846 324 non
864 290 1006 325 videtur
1029 303 1105 325 esse
1129 303 1251 326 veram
1274 297 1427 339 griseam
1450 295 1601 331 Linuaei
1627 311 1740 346 quum
1759 306 1804 335 sit

201 347 412 382 subm-istam
431 357 466 382 et
483 353 637 394 remiges
656 353 833 395 primores
853 346 995 381 nullam
1009 347 1194 383 maculam
1215 348 1338 383 albam
1358 349 1556 398 habeant.)

450 460 724 502 ARDEA
771 459 1219 504 STELLARIS
1266 461 1553 505 MAJOR.

270 558 429 592 FEMiNA
448 556 638 605 aliquanto
663 562 805 602 minor,
830 557 1030 603 rufescens,
1054 568 1171 593 rostro
1197 557 1384 607 longiore,
1403 559 1556 608 pedibus
1578 560 1805 610 longioribus

196 623 231 648 et
250 613 510 661 gracilioribus.
539 615 744 661 Mugitum,
771 625 928 649 rostrum
951 614 1116 650 clausum
1131 615 1279 650 coelum
1300 629 1421 652 versus
1442 618 1615 666 erigendo
1632 647 1640 665 ,
1659 626 1804 666 excitat,

194 683 260 718 per
282 682 385 704 nares
406 675 568 704 sonitum
590 671 723 715 edens,
746 671 793 706 ad
812 671 924 706 horae
948 672 1159 708 distantiam
1172 674 1408 709 audiendum.
1442 676 1592 710 Femina
1615 688 1713 712 mare
1729 677 1804 713 cla-

192 732 338 761 mosior.
379 727 478 761 Toto
507 740 605 762 anno
633 728 731 776 apud
760 741 830 763 nos
860 739 1021 764 manent.
1056 729 1152 764 Pulli
1183 730 1256 764 duo
1284 732 1331 766 ad
1361 742 1439 767 tres.
1468 731 1640 767 Clamans
1663 746 1803 781 pennas

192 794 340 830 magnas
364 782 463 817 laxas
485 783 573 818 colli
598 785 795 832 expandit,
818 784 891 820 fere
915 786 961 821 ad
984 792 1095 822 instar
1116 793 1254 835 tringae
1282 795 1468 836 pugnacis.

265 841 403 887 Aspera
423 845 552 874 arteria
576 846 615 874 in
638 840 877 877 bifurcatione
902 842 1073 888 dilatata,
1098 853 1134 879 et
1158 844 1270 879 latere
1291 851 1463 881 interiore
1486 846 1778 885 membranacea.

264 897 493 944 Pinguescit3
518 896 615 932 bona
631 910 713 944 esu,
735 899 849 934 modo
869 906 1093 945 excorietur3
1119 908 1258 948 gustavi
1276 915 1342 950 ego
1364 913 1400 938 et
1419 904 1584 951 sapidam
1608 910 1734 952 reperi.

728 1002 1006 1045 ARDEA
1049 1003 1270 1056 ALBA.

260 1097 372 1130 TOTA
394 1095 489 1130 alba.
507 1097 693 1144 Remiges
706 1103 898 1145 primariae
912 1111 1068 1142 novem;
1089 1101 1326 1136 secundariae
1346 1102 1622 1150 septemdecim.
1650 1104 1799 1139 Recta·-

189 1166 251 1188 ces
273 1152 481 1187 duodecim.
509 1153 695 1188 Rostrum
710 1154 848 1202 pallide
871 1154 1032 1190 rubrum.
1063 1155 1225 1190 orbitae
1245 1157 1357 1192 ssavae
1372 1164 1596 1194 virescentes.
1624 1162 1698 1194 Iris
1722 1160 1800 1208 pal-

188 1209 263 1244 lide
283 1215 422 1244 citrina.
450 1209 577 1243 Pedes
596 1215 700 1256 nigri.
727 1212 896 1245 Femom
914 1217 1103 1246 semitecta
1127 1223 1269 1256 torosa,
1294 1214 1358 1248 ubi
1381 1215 1478 1249 nuda
1503 1215 1578 1249 fieri
1600 1221 1798 1263 incipiunt,

187 1265 417 1301 subvirentia.
444 1267 486 1300 In
504 1275 653 1313 pectore
668 1276 704 1302 et
722 1267 931 1315 inguinibus
952 1268 1100 1315 plumae
1121 1268 1206 1303 illae
1231 1269 1411 1316 friabiles,
1440 1283 1533 1318 quae
1549 1277 1587 1305 in
1601 1271 1748 1307 stellari.

257 1393 479 1428 Differentia
498 1398 593 1428 inter
609 1394 735 1428 ardeas
755 1403 791 1428 et
808 1394 993 1428 butauros.
1023 1396 1170 1430 Ardeae
1190 1402 1227 1430 in
1247 1398 1324 1431 alto
1345 1398 1496 1442 volant,
1517 1399 1646 1446 longas
1660 1399 1798 1436 habent

184 1455 359 1497 remiges,
378 1448 567 1484 arboribus
586 1450 749 1484 insident
766 1449 889 1498 ibique
906 1449 1119 1495 nidificant,
1145 1457 1184 1486 in
1204 1459 1306 1501 aquis
1329 1460 1462 1501 apertis
1486 1460 1649 1490 visuntur
1670 1467 1706 1491 et
1720 1470 1797 1493 non

185 1512 254 1541 nisi
274 1505 433 1540 interdiu
450 1504 621 1541 clamant.
649 1507 796 1541 Butauri
813 1518 832 1540 e
851 1511 1034 1541 contrario
1050 1513 1202 1555 remiges
1218 1508 1355 1545 habent
1371 1510 1553 1546 breviores
1568 1513 1794 1559 rotundatas,

185 1574 377 1610 nunquam
398 1561 587 1597 arboribus
610 1562 791 1608 insident,
820 1568 857 1597 in
877 1563 1102 1598 arundinetis
1129 1564 1341 1611 nidificant,
1368 1572 1406 1601 in
1430 1567 1561 1602 humili
1585 1568 1729 1614 volant,
1760 1580 1796 1606 et

183 1632 262 1654 non
282 1624 350 1653 nisi
372 1624 511 1667 vesperi
531 1629 567 1654 et
590 1629 701 1655 noctu
729 1619 902 1654 clamant.
938 1619 1057 1653 Video
1078 1631 1265 1668 praeterea
1294 1634 1512 1670 sequentem
1540 1624 1794 1663 differentiam.

182 1675 312 1710 Ardeis
338 1681 485 1723 proprie
512 1675 617 1710 dictis
642 1675 746 1723 digiti
769 1687 983 1724 unguesque
1007 1675 1210 1722 breviores,
1230 1678 1391 1714 butauris
1416 1679 1612 1728 longiores.
1640 1684 1794 1719 Femora

182 1738 257 1767 istis
277 1731 389 1778 longe
412 1731 595 1766 denudata
608 1759 616 1775 ,
641 1731 695 1766 his
711 1732 758 1766 ad
776 1741 912 1766 tarsum
933 1731 1007 1766 fere
1026 1732 1206 1780 plumosa.
1236 1735 1384 1770 Collum
1406 1742 1479 1772 istis
1498 1739 1686 1785 gracilius,
1709 1740 1792 1775 lon-

182 1794 279 1836 gius,
308 1793 473 1831 teretius;
494 1787 550 1822 liis
572 1793 743 1832 crassius,
765 1793 879 1835 magis
898 1788 1209 1836 abbreviandum,
1230 1791 1364 1840 plumis
1387 1793 1615 1842 longioribus
1635 1810 1733 1845 pone
1755 1803 1791 1832 in

182 1845 304 1880 nucha
324 1843 600 1890 secedentibus,
628 1844 852 1893 longamque
877 1844 1016 1881 lineam
1039 1847 1176 1882 nudam
1197 1848 1496 1898 relinquentibus.

652 1949 926 1992 ARDEA
972 1950 1239 1997 MINUT
1261 1954 1312 1995 A.

255 2047 433 2093 Selmesf.
450 2047 556 2081 silus.
580 2047 772 2082 Omtclml.
793 2047 871 2083 cab.
893 2048 948 2083 30.

253 2103 400 2138 Pennas
419 2109 456 2138 in
480 2103 569 2138 colli
595 2103 773 2139 inferioris
798 2110 871 2139 ima
895 2115 998 2153 parte
1018 2106 1246 2153 longissimas
1270 2107 1395 2144 tribuit
1417 2110 1668 2150 Brissom'ns,·
1687 2111 1785 2145 uude

183 2158 288 2193 video
308 2161 380 2204 jam
399 2172 519 2194 meam
538 2174 687 2209 parvam
707 2162 874 2205 ardeam,
907 2174 1017 2209 quam
1042 2168 1133 2197 istuc
1159 2164 1286 2208 retuli,
1312 2178 1389 2199 non
1413 2179 1488 2201 esse
1514 2167 1549 2199 le
1568 2167 1783 2214 Blongc'os,

180 2216 295 2249 Briss.
323 2215 622 2263 Descriptionem
642 2224 715 2254 avis
740 2225 834 2253 cirea
859 2218 906 2255 A.
932 2231 1030 2266 1790·
1046 2232 1067 2255 a
1088 2232 1125 2255 se
1145 2227 1286 2257 occisae
1307 2222 1539 2259 Herlishemii
1561 2235 1674 2270 prope
1695 2223 1783 2259 Col-

1457 2279 1490 2311 Y
1517 2290 1537 2312 s:
