2054 2748
287 151 368 194 272
670 146 1137 180 OBSERVATIONES
1185 147 1540 177 ZOOLOGICAE.

364 233 504 279 Grayus
524 233 586 268 ille
606 245 778 282 magnum
801 244 996 267 numerum
1014 231 1289 280 amphibiorum
1310 231 1407 266 illius
1427 236 1541 266 musei
1561 235 1802 275 examinavit,
1826 230 1897 266 dis-

289 296 433 339 posuit,
461 291 672 340 descripsit,
699 299 894 337 possetque
925 288 1084 324 multum
1116 289 1213 324 lianc
1241 299 1381 336 partem
1410 288 1611 336 Zoologiae
1640 299 1782 335 augere.
1810 289 1897 333 Ejus

290 356 435 382 exstant
447 348 751 382 Observationes
771 347 826 379 ad
837 347 1011 381 Limmei
1024 347 1195 381 classem
1207 345 1504 393 amphibiorum
1514 354 1584 381 ecc.
1603 347 1644 380 in
1661 344 1895 391 Plzilosoplz.

294 404 501 439 sl'rcmsact.
527 406 624 451 1789.
651 403 739 438 Vol.
755 417 809 450 79.
828 403 936 438 Parc.
951 405 982 438 I.

365 506 492 541 Genus
511 506 610 538 Boae
635 509 672 538 in
700 503 774 538 duo
798 504 926 540 dividit
951 517 1084 552 genera
1106 504 1256 549 Grayus.
1283 504 1372 538 Boa
1398 508 1566 538 innoxias
1594 507 1749 551 specum,
1775 501 1898 550 Aspis

291 572 487 599 venenatas
512 560 782 609 complectitur.
810 563 1008 609 Utriusque
1026 573 1121 595 nova
1137 566 1273 609 species
1292 566 1328 594 in
1343 572 1470 594 museo
1486 558 1693 594 Banksiano
1709 564 1898 606 reperitur⁷

292 629 328 654 et
357 629 513 667 quatuor
538 617 661 652 adhuc
686 617 781 653 aliae
810 628 921 653 notae
943 627 1028 653 sunt
1054 617 1187 663 GrayO.
1223 617 1371 665 Aspidis
1398 617 1602 652 character:
1630 616 1838 664 Squamae
1859 622 1901 648 ec

291 685 405 711 scum
424 675 546 709 Bone.
581 675 679 709 Tela
694 684 910 710 venenata.

363 732 471 779 Aspis
491 731 691 766 aculeata.
721 732 883 766 caudae
910 744 1014 779 apen:
1036 740 1216 766 armatus
1237 743 1369 779 ungue
1398 731 1577 766 incurvo.
1619 727 1751 775 (Quod
1774 736 1810 762 et
1829 739 1898 762 no-

291 794 388 823 strati
412 788 757 836 KupsetuSclzlcznO
743 801 786 822 cre
804 787 1004 834 tribuitur.)

362 845 532 891 Quatuor
547 845 667 879 adhuc
689 845 778 880 alias
799 844 910 880 habet
927 850 1065 893 species
1084 844 1235 890 Grayus.

364 901 518 936 Colubri
538 914 650 949 genus
666 903 766 937 idem
784 908 823 936 in
842 902 916 937 duo
938 901 1067 937 dividit
1089 901 1240 947 GrayuS.
1273 899 1442 947 Vipera,
1464 910 1559 947 quae
1580 897 1652 933 tela
1672 895 1803 931 habet:
1829 894 1901 930 Co-

291 956 421 998 luber,
444 963 643 1000 imiocuus3
665 958 703 992 hi
729 973 738 991 1
748 958 774 1004 .)
793 957 931 1002 laeves,
963 958 1189 1004 2.)carinati.
1217 958 1319 991 Haec
1336 968 1468 1003 genera
1490 956 1576 990 dein
1602 960 1744 990 ratione
1768 952 1902 987 coloiis

291 1012 421 1048 dividit
441 1018 477 1046 in
496 1012 536 1058 a)
552 1013 783 1057 unicolores,
804 1012 846 1059 b)
860 1013 1083 1055 maculatos,
1104 1013 1143 1058 c)
1157 1013 1346 1055 fasciatos‚
1368 1012 1412 1056 d)
1426 1011 1677 1052 lemniscatos3
1698 1015 1750 1043 uti
1764 1011 1900 1043 Bona-

292 1070 429 1103 certius
445 1073 484 1102 in
500 1067 660 1113 Encycl.
686 1068 804 1100 me'ch.
829 1076 865 1100 et
883 1079 951 1112 ego
973 1073 1010 1100 iii
1036 1067 1131 1099 Tab.
1152 1068 1300 1111 affinia.
1322 1066 1492 1098 animal.
1517 1079 1555 1111 p.
1577 1067 1657 1100 265.
1673 1073 1753 1099 noc.

618 1160 778 1204 BOA
826 1158 1351 1204 LATOTECTA.
1397 1157 1559 1203 Nobis.

363 1243 433 1280 260
447 1255 513 1276 z
527 1255 596 1278 210
611 1250 657 1281 —i—
677 1242 733 1278 50.

363 1304 550 1336 Crassities
570 1299 805 1348 bipollicaris.
831 1298 1045 1347 Longitudo
1067 1298 1262 1348 tripedalis.
1288 1299 1429 1334 Venter
1447 1298 1594 1334 sordide
1612 1297 1733 1342 albus,
1754 1297 1904 1333 dorsum

290 1359 452 1402 fuscum3
475 1357 595 1392 lineae
614 1366 836 1392 transversae
856 1366 919 1391 aut
938 1356 1156 1391 semicirculi
1181 1355 1344 1390 dorsales
1367 1355 1442 1391 albi
1463 1368 1529 1404 per
1545 1361 1645 1403 paria
1667 1355 1903 1402 divergentes.

291 1416 475 1465 Squamae
490 1413 602 1448 medii
618 1413 715 1448 dorsi
730 1412 898 1456 latiores,
922 1421 1142 1447 transversae
1157 1421 1219 1445 aut
1242 1410 1318 1445 lato
1340 1411 1566 1459 liexagonae.

365 1473 422 1506 Ex
443 1472 677 1516 Ramsayanis
694 1467 899 1514 Edinburgi
926 1469 1023 1514 1778.
1051 1469 1114 1501 An
1136 1479 1221 1513 ergo
1242 1478 1289 1500 ex
1309 1468 1480 1501 America
1495 1466 1790 1515 septentrionali,
1803 1466 1903 1506 unde

291 1527 356 1564 ille
376 1536 461 1561 anie
479 1535 637 1560 mortem
658 1524 773 1558 multa
793 1533 985 1571 acceperat
1001 1551 1009 1567 ,
1034 1535 1128 1570 quae
1147 1522 1256 1557 frater
1274 1533 1400 1557 noster
1417 1523 1550 1559 attulit.

369 1584 538 1631 (Nomen
547 1582 694 1627 fuscae
706 1609 716 1623 ,
732 1580 832 1629 quod
848 1590 956 1614 autor
970 1579 1142 1624 dederat,
1162 1588 1366 1624 mutatum,
1382 1584 1466 1627 quia
1486 1585 1522 1613 in
1535 1591 1662 1614 museo
1676 1579 1899 1615 Geversiano

292 1653 327 1689 p.
349 1654 400 1675 ιο.
417 1640 468 1674 n.⁰
483 1650 538 1686 90.
554 1638 625 1673 hoc
640 1643 791 1672 nomine
810 1638 884 1684 jam
899 1636 970 1672 alia
986 1642 1164 1682 occurrit,
1184 1644 1219 1671 et
1233 1635 1470 1672 substitutum
1483 1635 1584 1672 aliud
1599 1649 1619 1672 a
1633 1642 1792 1685 squamis
1807 1636 1904 1672 dorsi

293 1698 375 1734 latis
395 1696 641 1745 depromtum.
669 1693 791 1742 Edit.)

676 1781 833 1825 BOA
881 1779 1499 1824 CON‘STRICTOR.

366 1867 469 1902 Mun
491 1877 536 1900 ex
549 1863 825 1912 Tranquebaria
846 1862 915 1897 318
928 1875 995 1895 z
1009 1862 1076 1897 253
1092 1870 1138 1901 -ὶ-
1158 1862 1215 1897 65.
1243 1861 1492 1910 Octopedalis.
1520 1859 1752 1896 Genitalibus
1770 1860 1901 1909 longis⁷

297 1924 466 1968 clavatis,
484 1935 560 1956 non
580 1926 764 1958 muricatis
780 1925 816 1954 in
836 1925 1015 1954 exsiccata
1031 1928 1124 1954 cute.
1153 1917 1336 1966 Squamae
1351 1924 1478 1966 capitis
1499 1923 1669 1965 exiguae,
1688 1917 1903 1964 uniforme53

296 1981 382 2017 illae
401 1979 448 2014 ad
470 1979 582 2014 latei-a
599 2007 607 2023 ,
633 1978 695 2013 ubi
716 1987 817 2012 scuta
833 1981 1076 2023 contingunt,
1101 1975 1308 2023 quadruplo
1333 1978 1488 2021 majores
1508 1974 1721 2009 dorsalibus.

369 2038 500 2072 Meum
514 2035 585 2070 hoc
604 2041 790 2083 specimen
810 2033 975 2069 colorem
995 2032 1092 2067 illius
1113 2037 1148 2066 in
1165 2031 1364 2065 Sur-inam.
1389 2031 1500 2066 Grill.
1516 2033 1611 2068 Am.
1627 2032 1701 2065 Ac.
1724 2032 1753 2064 I.
1769 2043 1806 2077 p.
1822 2031 1904 2077 507.‘

296 2099 457 2131 maxime
477 2091 592 2127 refert.
620 2091 801 2139 Squamae
830 2096 867 2126 in
886 2089 1002 2125 altero
1031 2101 1114 2123 meo
1136 2087 1296 2136 bipedali
1323 2094 1515 2132 minimae,
1547 2092 1660 2135 grano
1687 2087 1779 2121 milii
1803 2087 1902 2122 haud

298 2152 456 2197 majores
470 2177 479 2192 ,
497 2154 658 2198 exceptis
677 2148 817 2185 duabus
841 2147 1000 2185 seriebus
1016 2147 1118 2195 juxta
1136 2155 1237 2182 scuta
1257 2145 1518 2181 abdominalia.
1543 2146 1586 2180 In
1603 2143 1718 2180 Sebae
1737 2144 1904 2180 iconibus

298 2209 455 2256 majores
476 2216 568 2244 sunt,
