2054 2748
928 179 1141 209 AVES.
1756 187 1837 230 2¹3

233 262 378 299 videam
398 275 462 298 cur
475 273 559 298 cum
579 261 728 297 clibano
751 271 991 310 comparetur.
1024 264 1103 299 Ova
1122 275 1186 298 sex
1209 262 1344 311 (etiam
1364 262 1562 298 duodecim
1581 273 1729 315 reperiri
1742 282 1836 305 asse-

233 325 395 364 veratur)
417 320 559 365 brevia,
579 320 804 356 subrotunda
818 348 827 365 ,
854 325 999 368 punctis
1022 320 1101 355 aliis
1121 321 1246 366 fuscis,
1271 320 1351 355 aliis
1378 319 1661 358 subrubentibus
1675 353 1683 369 ‚
1706 339 1834 361 nume-

233 383 331 412 rosis.
358 376 486 412 Pullos
510 389 554 411 eo
576 388 743 426 tempore
766 379 839 424 jam
863 376 1040 412 formatos
1063 377 1137 412 fere
1161 382 1432 413 continuerunt.

306 435 429 480 Major
447 440 587 482 species
610 433 880 481 Lotharingica.
906 434 1015 480 Buff.
1040 434 1085 469 V.
1105 448 1141 481 ρ.
1163 434 1240 469 55ι.
1268 436 1419 481 Majoris
1442 444 1478 470 et
1496 440 1647 470 minoris
1658 436 1839 474 Pozcvilloa

232 496 400 527 meminit
416 490 733 538 Schauenburgius
758 490 807 525 fil.
831 496 870 525 in
890 490 1019 526 litteris
1038 490 1285 525 Herlishemio
1311 491 1423 537 datis,
1445 491 1478 527 d.
1501 507 1527 528 1.
1547 492 1643 528 Flor.
1665 493 1735 527 Ao.
1756 497 1811 528 [ΙΙ.

411 618 900 662 MOTACILLA
945 618 1462 663 BRA'CHYURA.
1508 620 1668 665 Nobis.

300 715 636 764 Fusco-lacteoque
659 720 803 760 varia,
824 716 961 752 subcus
971 717 1342 764 flavescente-alba
1361 718 1652 761 immaculata,
1678 722 1836 755 verticis

219 772 368 818 fasciis
388 772 544 808 duabus
556 774 688 820 fuscis
701 773 934 822 duplicatis,
947 774 1186 822 temporibus
1200 774 1500 817 obscurioribus,
1516 776 1649 810 cauda
1661 786 1836 812 cuneata

232 828 351 863 brevi.

302 887 418 932 Capta
436 893 513 920 rete
530 884 564 920 d.
591 892 641 928 ¹4·
661 886 816 934 Augusti
841 892 939 935 1794.
962 887 1052 939 (Ao.
1071 886 1152 934 111.)
1173 899 1315 935 aucupe
1335 899 1526 936 nunquam
1543 900 1582 923 se
1595 889 1724 925 vidisse
1743 902 1837 926 asse-

227 951 382 976 vetante.

298 996 521 1044 Magnitudo
550 997 709 1032 trochilo
740 1003 800 1033 vix
829 1001 967 1046 major,
999 999 1073 1034 fere
1095 999 1291 1034 salicariae.
1332 999 1472 1034 Sedens
1503 1000 1652 1035 dorsum
1683 1001 1837 1049 planum

226 1057 336 1100 gerit,
356 1053 473 1087 cauda
495 1052 725 1101 aliquantum
749 1054 899 1092 elevata.
937 1057 1035 1104 Ergo
1055 1056 1103 1091 ad
1122 1069 1291 1091 currucas
1313 1056 1372 1092 vel
1396 1057 1573 1092 trochilos
1594 1057 1733 1093 Kleinii
1759 1073 1835 1095 non

222 1109 352 1154 sylvias
375 1115 541 1157 pertinet.
589 1110 805 1146 Lumbricos
825 1123 955 1159 parvos
976 1112 1068 1148 alius
1090 1118 1306 1147 nutrimenti
1324 1112 1470 1148 defectu
1494 1112 1658 1148 exhibui.
1702 1115 1833 1150 Altero

224 1165 284 1201 die
309 1176 464 1201 mortua.

297 1223 478 1258 Vibrissae
496 1232 664 1272 patentes
691 1236 737 1259 ex
759 1224 871 1260 tribus
890 1224 973 1274 pilis
1001 1225 1048 1261 ad
1068 1224 1245 1273 angulum
1267 1231 1348 1261 oris.
1377 1228 1474 1274 Ergo
1495 1231 1617 1274 potius
1634 1226 1681 1261 ad
1699 1233 1832 1262 musci-

224 1292 355 1328 capam
369 1279 569 1315 referenda.
596 1282 770 1316 Rostrum
784 1291 910 1317 tamen
930 1282 1142 1317 nullatenus
1159 1284 1369 1328 incurvum,
1390 1289 1553 1331 quamvis
1570 1283 1700 1318 leniter
1715 1296 1832 1319 emar-

224 1343 399 1384 ginatum.
440 1339 555 1372 Nares
577 1338 725 1385 patulae
746 1348 885 1374 ovatae.
925 1339 1146 1374 Mandibula
1171 1345 1336 1387 superior
1356 1345 1457 1386 nigra
1471 1367 1480 1384 ‚
1503 1339 1651 1374 inferior
1675 1340 1831 1387 pallida,

223 1399 327 1441 apice
348 1398 561 1440 nigricante.
600 1394 813 1440 Longitudo
843 1400 949 1428 rostri
973 1394 1019 1428 ab
1041 1393 1180 1441 angulo
1207 1399 1278 1428 oris
1304 1394 1350 1428 ad
1376 1400 1519 1441 apicem
1551 1406 1615 1428 sex
1635 1395 1835 1441 linearum3

222 1462 244 1484 a
270 1448 345 1483 basi
368 1448 416 1483 ad
438 1455 581 1497 apicem
608 1455 771 1498 quinque
795 1449 986 1484 linearum.
1023 1449 1234 1497 Longitudo
1261 1455 1373 1485 totius
1402 1450 1565 1485 aviculae
1589 1462 1760 1488 extensae
1785 1454 1832 1489 ab

222 1511 327 1554 apice
344 1511 449 1540 rostri
471 1506 519 1541 ad
541 1511 685 1554 apicem
708 1506 847 1541 caudae
869 1517 1027 1555 quatuor
1045 1506 1224 1555 pollicum
1246 1519 1330 1542 cum
1349 1520 1485 1543 novem
1505 1507 1619 1543 lineis.
1638 1509 1698 1544 Ad
1715 1520 1833 1546 extre-

221 1574 325 1597 mum
337 1574 518 1610 unguem,
541 1569 699 1598 extensis
713 1563 888 1612 pedibus,
907 1576 986 1599 non
999 1576 1144 1612 prorsus
1161 1569 1324 1612 quinque
1339 1563 1532 1612 pollicum.
1552 1565 1646 1601 Alae
1660 1576 1831 1603 extensae

222 1629 364 1668 septem
384 1619 574 1667 pollicum.

295 1675 431 1711 Subtus
455 1687 531 1712 tota
560 1677 868 1713 lutescente-alba
891 1675 1138 1713 immaculata.

293 1733 420 1767 Fascia
441 1746 549 1781 supra
577 1733 707 1768 oculos
736 1733 855 1769 lineae
877 1733 1071 1769 latitudine
1101 1733 1149 1767 ad
1178 1733 1337 1768 nucham
1362 1733 1473 1770 ducta
1498 1735 1661 1782 ejusdem
1685 1737 1828 1773 coloris,

220 1788 305 1824 Alia
326 1795 447 1837 potius
468 1790 782 1826 subscinerascens
808 1802 873 1839 per
895 1790 1059 1824 medium
1078 1795 1259 1825 verticem.
1284 1793 1381 1825 Inter
1400 1791 1465 1826 has
1485 1802 1555 1827 tres
1574 1793 1715 1829 albidas
1736 1795 1830 1830 duae

220 1851 344 1894 nigrae
368 1846 514 1895 latiores
530 1875 539 1893 ,
562 1847 685 1883 media
705 1853 959 1895 angustissima
980 1846 1159 1891 filiformi‚
1187 1853 1224 1882 in
1245 1847 1334 1882 duas
1353 1848 1496 1886 divisae.

292 1903 405 1937 Dorsi
424 1915 568 1951 pennae
587 1904 963 1950 brunneo-cinereae‚
980 1905 1082 1950 juxta
1095 1903 1272 1939 rhacheos
1286 1904 1559 1952 longitudinem
1574 1912 1708 1955 nigrae.
1730 1909 1825 1944 Uro—

220 1964 369 2008 pygium
388 1960 507 1995 simile
522 1985 535 2006 ,»
559 1961 624 1997 sed
646 1967 796 1997 crissum
818 1961 1001 1997 unicolor.

293 2016 448 2052 Avicula
474 2016 723 2067 brachyptera.
757 2020 927 2067 Remiges
954 2024 1133 2068 primores
1161 2017 1315 2063 decem,
1338 2019 1437 2054 haud
1459 2025 1572 2068 magis
1598 2027 1826 2057 acuminatae

220 2084 330 2121 quam
343 2074 578 2110 secundariae
598 2086 634 2111 et
648 2075 748 2111 lente
763 2076 1025 2111 decrescentes.
1054 2075 1224 2111 Secunda
1247 2076 1397 2111 dimidia
1416 2076 1512 2112 linea
1534 2077 1680 2124 longior
1699 2084 1825 2124 prima,

220 2130 387 2178 Remiges
407 2131 636 2178 unicolores,
655 2132 893 2168 solummodo
908 2145 1034 2180 margo
1053 2137 1214 2166 anterior
1235 2138 1272 2166 in
1293 2133 1462 2167 omnibus
1482 2133 1643 2174 albidum,
1666 2134 1765 2180 quod
1785 2141 1824 2169 in

220 2185 359 2221 duabus
378 2188 556 2234 prioribus
578 2189 688 2237 paulo
710 2190 924 2225 distinctius.
952 2189 1087 2223 Subtus
1103 2194 1225 2223 omnia
1242 2189 1378 2237 pallide
1395 2196 1548 2224 cinerea.
1570 2190 1659 2222 Tres
1679 2203 1826 2237 pennae

219 2242 446 2292 scapulares,
466 2255 548 2292 post
568 2252 732 2294 quinque
754 2252 907 2294 remiges
927 2245 1155 2281 secundariae,
1176 2246 1288 2293 paulo
1304 2251 1606 2291 acuminatiores,
1622 2245 1822 2294 molliores,

1501 2304 1529 2336 C
1549 2315 1567 2336 e
