2054 2748
252 138 330 167 122
620 132 1066 165 OBSERVATIONES
1099 133 1470 165 ZOOLOGICAE.

543 219 812 263 STRIX
860 216 1337 262 AEGOLIOS.
1397 217 1565 263 Nobis.

323 312 354 347 C
352 314 461 360 apice
490 312 717 348 auriculam
743 311 887 359 pennis
910 309 1091 358 pluribus
1113 338 1126 356 ,
1160 323 1319 359 corpore
1356 309 1719 360 obscure-cinereo,
1755 312 1866 349 albo-

249 370 470 405 maculam.

319 426 549 475 Lngtmdo
563 426 609 460 ab
623 430 727 473 apice
743 429 849 460 rostri
863 424 911 460 ad
925 425 1064 462 caudae
1080 430 1351 462 extremitatem
1367 431 1513 467 circiter
1526 438 1660 463 novem
1675 426 1867 476 pollicum.

322 485 464 518 Carula
482 489 539 517 vix
556 482 703 529 longior
722 480 798 517 alis.

319 542 487 576 Petmae
507 539 782 574 auriculamm
805 552 870 574 sex
894 551 956 576 aut
981 540 1104 590 plures
1119 569 1128 586 ,
1158 539 1331 586 obtusae,
1355 540 1556 589 rigidulae,
1587 546 1754 590 margine
1772 548 1867 578 inte-

246 604 341 633 riore
364 598 447 633 alba
470 596 616 632 macula
640 606 799 633 notatae.
825 598 995 633 Pennas»
1022 601 1133 634 crissi
1159 604 1263 648 apice
1281 597 1502 648 maculaque
1526 599 1617 635 disci
1636 600 1792 635 obscure
1815 605 1867 635 ci-

248 661 375 690 nereis.

325 712 439 746 Tarsi
462 710 674 745 densissime
696 710 840 756 villosi,
858 717 974 759 magis
994 724 1106 760 quam
1126 717 1165 747 in
1185 718 1264 761 ipso
1287 711 1439 748 bubone
1459 723 1495 749 et
1518 712 1689 748 alucone.
1718 713 1869 748 Isidem

245 768 481 817 sulphuream
502 767 632 802 saltem
653 773 772 816 pinxit
792 767 942 812 artifex3
958 768 1040 804 talis
1063 782 1149 817 ergo
1165 775 1243 805 sine
1267 769 1380 804 dubio
1400 769 1476 806 fuit.
1502 770 1693 805 Buffonius
1711 776 1749 805 in
1764 772 1866 818 cujus

245 831 353 860 icone
369 830 465 873 picta
488 824 613 859 colore
636 830 804 860 aurantio
824 834 897 870 est,
922 831 959 860 in
979 825 1058 861 aliis
1077 826 1152 861 alio
1178 826 1306 861 colore
1330 839 1406 861 esse
1427 827 1526 862 dicit.

317 891 505 925 Rostrum,
526 902 630 925 meae
645 902 840 936 corneum,
855 890 1031 927 albidum.
1058 893 1212 927 Remea>
1230 897 1349 941 prima
1370 892 1509 940 pollice
1529 891 1674 927 brevior
1691 891 1868 938 secunda,

247 959 374 981 omnes
403 952 567 994 margine
593 952 777 982 anteriore
806 953 971 996 quinque
990 977 998 993 ,
1030 960 1067 984 et
1095 955 1298 997 posteriore
1323 959 1482 998 quatuor
1506 948 1660 984 maculis
1690 948 1803 994 albis,
1831 955 1870 984 in

245 1009 447 1052 posteriore
475 1003 641 1038 maculae
671 1005 849 1050 majores,
872 1005 1066 1040 rotundae.
1109 1007 1332 1040 Teccn‘cum
1360 1015 1397 1041 et
1419 1009 1695 1052 scapularizcm
1721 1005 1868 1042 macula

246 1072 321 1094 una
339 1066 377 1094 in
393 1066 520 1108 apice,
541 1071 722 1108 quantum
742 1066 781 1095 in
801 1060 891 1096 farta
911 1074 976 1096 ave
997 1063 1115 1097 video.
1143 1064 1184 1097 In
1207 1062 1430 1098 rectricibus
1447 1069 1611 1111 quinque
1629 1062 1786 1108 similes,
1807 1068 1870 1111 qui

244 1129 417 1152 numerus
443 1117 536 1152 [crte
563 1123 675 1152 etiam
701 1123 740 1152 in
765 1117 971 1165 remigibus.
1000 1118 1165 1154 Circulus
1186 1125 1323 1154 circum
1351 1119 1481 1154 oculos
1506 1119 1660 1155 obscure
1686 1126 1870 1166 cinereus,

246 1183 325 1209 tum
345 1173 470 1219 albus,
492 1180 531 1208 in
552 1186 664 1222 quem
681 1186 837 1222 superne
852 1186 973 1210 rursus
992 1174 1135 1223 aliquid
1157 1175 1302 1211 obscuri
1325 1176 1526 1212 descendit.
1557 1177 1596 1212 V
1595 1185 1703 1212 erceae
1717 1177 1871 1212 maculis

245 1230 338 1266 albis
360 1230 574 1265 minoribus.

317 1297 433 1330 Berua
454 1295 564 1330 attuli
584 1295 656 1331 Ao.
684 1307 783 1344 179¹-
807 1296 907 1345 apud
930 1296 1202 1333 Lehmannium
1229 1303 1352 1333 avium
1376 1296 1551 1333 sartorem
1570 1308 1762 1347 repertam.
1794 1300 1867 1335 Pro

245 1364 357 1399 scope
381 1364 459 1385 non
478 1351 615 1386 habere
635 1365 806 1399 possum,
827 1358 912 1399 quia
935 1365 1079 1399 pennae
1099 1354 1345 1388 auricularum
1364 1367 1443 1388 non
1465 1355 1670 1400 solitariae,
1699 1366 1737 1391 et
1758 1356 1866 1391 colo-

245 1421 326 1443 rum
347 1407 622 1442 distributiones
651 1420 729 1442 non
759 1407 970 1454 eleganteS,
998 1417 1035 1442 et
1063 1407 1404 1444 obscure-cinereae
1425 1416 1571 1457 potius,
1599 1423 1712 1459 quam
1731 1418 1869 1459 griseo-

248 1465 380 1501 fuscae.

319 1520 552 1557 Aldrovandi
571 1520 684 1569 figura
705 1522 728 1555 Ι.
749 1533 782 1569 p.
805 1520 884 1556 532.
904 1533 982 1555 non
1001 1521 1220 1570 respondet,
1247 1534 1335 1556 nam
1359 1534 1481 1571 penna
1502 1521 1663 1559 solitaria
1689 1524 1870 1563 auricula-

246 1592 329 1616 rum
346 1583 599 1626 angustissima
619 1577 669 1612 ibi
683 1587 748 1613 est.
777 1578 882 1613 Dicit
902 1583 1012 1613 etiam
1025 1606 1033 1622 ,
1053 1578 1138 1614 licet
1153 1578 1320 1614 colorem
1334 1585 1543 1626 cinereum,
1563 1580 1730 1616 admixto
1745 1582 1867 1630 plum-

246 1637 340 1682 beo,
371 1635 524 1670 maculis
540 1635 704 1683 plurimis
716 1634 962 1670 albicantibus
984 1635 1166 1672 adscribat
1181 1664 1190 1682 ,
1217 1636 1299 1685 plus
1312 1649 1423 1685 quarn
1439 1637 1549 1672 ullius
1564 1637 1713 1673 alterius
1728 1646 1869 1688 rapacis

247 1705 452 1730 nocturnae
470 1699 563 1738 avis,
594 1702 726 1728 ornatu
749 1692 1002 1741 pulcherrimo
1023 1693 1234 1729 distinctam
1259 1707 1344 1729 esse.
1373 1694 1487 1740 Quod
1507 1707 1594 1729 sane
1617 1707 1695 1729 non
1717 1701 1756 1730 in
1775 1708 1867 1731 mea.

247 1753 360 1787 Linea
376 1756 475 1798 nigra
493 1762 655 1799 pennam
670 1756 709 1785 in
725 1749 883 1797 longum
904 1762 1032 1786 secans
1046 1763 1124 1785 non
1137 1750 1249 1786 adest.
1276 1750 1360 1786 Rufi
1379 1750 1433 1785 nil
1451 1751 1564 1787 adest.
1590 1751 1723 1787 Iridem
1737 1765 1870 1789 auran-

248 1815 335 1846 tiam
351 1807 445 1842 facit.

320 1868 411 1901 Icon
426 1864 522 1912 apud
540 1864 752 1899 Buffonium
770 1876 848 1899 non
868 1863 1078 1912 respondet.
1106 1862 1221 1899 Nulla
1242 1869 1341 1903 enim
1355 1876 1499 1912 prorsus
1518 1863 1681 1900 auricula
1696 1870 1735 1900 in
1749 1872 1869 1915 capite

249 1933 397 1972 apparet
417 1928 455 1957 in
475 1927 549 1956 ista.

322 1982 364 2014 In
386 1985 494 2014 icone
514 1984 612 2027 picta
632 1978 891 2014 Daubentonii
906 2006 914 2022 ,
943 1989 1036 2025 quae
1056 1975 1168 2025 plane
1183 1977 1341 2022 diversa,
1362 1977 1546 2013 auriculae
1563 1977 1868 2026 distinctissimae,

249 2036 355 2073 color
370 2042 504 2084 griseus
528 2046 587 2070 aut
610 2035 749 2071 badius.
771 2038 884 2070 Linea
906 2040 943 2069 in
960 2034 1079 2069 media
1095 2046 1218 2082 penna
1234 2034 1515 2082 longitudinalis
1535 2041 1646 2083 nigra.
1661 2038 1723 2070 Iris
1737 2049 1867 2071 auran-

249 2100 310 2130 tia.
334 2093 452 2129 Pedes
472 2093 632 2142 plumosi
652 2093 856 2141 ruso-grisei
870 2121 878 2137 ,
905 2091 1203 2127 fusco-maculati
1220 2123 1227 2137 ‚
1255 2105 1370 2140 quum
1389 2099 1427 2127 in
1446 2106 1528 2128 mea
1550 2099 1622 2128 sint
1643 2092 1768 2128 albidi.

324 2160 424 2205 Quid
449 2166 478 2194 si
504 2159 625 2208 plures
644 2158 747 2194 suant
769 2165 907 2207 species
928 2170 1059 2207 parvae
1074 2163 1211 2193 amitae
1225 2159 1239 2193 ἶ)
1268 2158 1457 2193 Buffonius
1481 2170 1548 2207 pro
1571 2164 1667 2193 varia
1688 2169 1807 2194 aetate
1831 2169 1868 2196 et

251 2215 399 2252 climate
435 2217 501 2266 (an
528 2222 656 2266 utique
668 2217 704 2264 Y)
728 2217 888 2251 multum
912 2222 1072 2262 variare,
1100 2226 1136 2251 et
1155 2227 1220 2264 pro
1242 2215 1452 2265 plumarum
1472 2218 1602 2252 colore
1630 2222 1741 2252 etiam
1767 2217 1867 2252 iridis
