<?xml version="1.0" encoding="UTF-8"?>
<!DOCTYPE html PUBLIC "-//W3C//DTD XHTML 1.0 Transitional//EN"
    "http://www.w3.org/TR/xhtml1/DTD/xhtml1-transitional.dtd">
<html xmlns="http://www.w3.org/1999/xhtml" xml:lang="en" lang="en">
 <head>
  <title>
</title>
<meta http-equiv="Content-Type" content="text/html;charset=utf-8" />
  <meta name='ocr-system' content='tesseract 3.04.00' />
  <meta name='ocr-capabilities' content='ocr_page ocr_carea ocr_par ocr_line ocrx_word'/>
</head>
<body>
  <div class='ocr_page' id='page_1' title='image "./observationeszoo00herm_0190.png"; bbox 0 0 2054 2748; ppageno 0'>
   <div class='ocr_carea' id='block_1_1' title="bbox 263 165 1500 207">
    <p class='ocr_par' dir='ltr' id='par_1_1' title="bbox 263 165 1500 207">
     <span class='ocr_line' id='line_1_1' title="bbox 263 165 1500 207; baseline -0.006 0"><span class='ocrx_word' id='word_1_1' title='bbox 263 165 336 207; x_wconf 73' lang='lat'>182</span> <span class='ocrx_word' id='word_1_2' title='bbox 615 174 1087 205; x_wconf 76' lang='lat' dir='ltr'><strong>OBSERVATIONES</strong></span> <span class='ocrx_word' id='word_1_3' title='bbox 1133 172 1500 201; x_wconf 76' lang='lat' dir='ltr'>ZOOLOGICAE.</span> 
     </span>
    </p>
   </div>
   <div class='ocr_carea' id='block_1_2' title="bbox 254 254 1862 424">
    <p class='ocr_par' dir='ltr' id='par_1_2' title="bbox 254 254 1862 424">
     <span class='ocr_line' id='line_1_2' title="bbox 326 254 1861 302; baseline -0.005 -6"><span class='ocrx_word' id='word_1_4' title='bbox 326 261 515 296; x_wconf 82' lang='lat' dir='ltr'>Buffonius</span> <span class='ocrx_word' id='word_1_5' title='bbox 537 260 584 296; x_wconf 87' lang='lat' dir='ltr'>ad</span> <span class='ocrx_word' id='word_1_6' title='bbox 604 260 711 296; x_wconf 88' lang='lat' dir='ltr'>litora</span> <span class='ocrx_word' id='word_1_7' title='bbox 736 270 770 294; x_wconf 90' lang='lat' dir='ltr'>et</span> <span class='ocrx_word' id='word_1_8' title='bbox 788 264 825 293; x_wconf 91' lang='lat' dir='ltr'>in</span> <span class='ocrx_word' id='word_1_9' title='bbox 845 257 1004 293; x_wconf 79' lang='lat' dir='ltr'>humidis</span> <span class='ocrx_word' id='word_1_10' title='bbox 1023 257 1186 293; x_wconf 84' lang='lat' dir='ltr'>habitare</span> <span class='ocrx_word' id='word_1_11' title='bbox 1212 257 1323 300; x_wconf 82' lang='lat' dir='ltr'>dicit,</span> <span class='ocrx_word' id='word_1_12' title='bbox 1344 267 1493 290; x_wconf 90' lang='lat' dir='ltr'>carnem</span> <span class='ocrx_word' id='word_1_13' title='bbox 1511 254 1675 302; x_wconf 78' lang='lat' dir='ltr'>sapidam</span> <span class='ocrx_word' id='word_1_14' title='bbox 1694 257 1861 289; x_wconf 81' lang='lat' dir='ltr'>aestIma-</span> 
     </span>
     <span class='ocr_line' id='line_1_3' title="bbox 255 314 1862 366; baseline -0.006 -12"><span class='ocrx_word' id='word_1_15' title='bbox 255 329 338 354; x_wconf 81' lang='lat' dir='ltr'>tam.</span> <span class='ocrx_word' id='word_1_16' title='bbox 370 320 599 366; x_wconf 82' lang='lat' dir='ltr'>Uropygium</span> <span class='ocrx_word' id='word_1_17' title='bbox 627 317 753 352; x_wconf 90' lang='lat' dir='ltr'>album</span> <span class='ocrx_word' id='word_1_18' title='bbox 775 314 971 360; x_wconf 80' lang='lat' dir='ltr'>adscribit,</span> <span class='ocrx_word' id='word_1_19' title='bbox 1002 314 1103 363; x_wconf 89' lang='lat' dir='ltr'>quod</span> <span class='ocrx_word' id='word_1_20' title='bbox 1132 327 1209 349; x_wconf 88' lang='lat' dir='ltr'>non</span> <span class='ocrx_word' id='word_1_21' title='bbox 1232 320 1268 347; x_wconf 86' lang='lat' dir='ltr'>in</span> <span class='ocrx_word' id='word_1_22' title='bbox 1293 318 1406 358; x_wconf 90' lang='lat' dir='ltr'>meis,</span> <span class='ocrx_word' id='word_1_23' title='bbox 1435 324 1556 360; x_wconf 83' lang='lat' dir='ltr'>neque</span> <span class='ocrx_word' id='word_1_24' title='bbox 1578 318 1689 348; x_wconf 87' lang='lat' dir='ltr'>etiam</span> <span class='ocrx_word' id='word_1_25' title='bbox 1710 317 1862 359; x_wconf 80' lang='lat' dir='ltr'>remiges</span> 
     </span>
     <span class='ocr_line' id='line_1_4' title="bbox 254 371 1301 424; baseline -0.005 -13"><span class='ocrx_word' id='word_1_26' title='bbox 254 381 389 424; x_wconf 82' lang='lat' dir='ltr'>nigrae.</span> <span class='ocrx_word' id='word_1_27' title='bbox 414 375 474 409; x_wconf 89' lang='lat' dir='ltr'>An</span> <span class='ocrx_word' id='word_1_28' title='bbox 494 380 616 423; x_wconf 87' lang='lat' dir='ltr'>itaque</span> <span class='ocrx_word' id='word_1_29' title='bbox 633 373 754 421; x_wconf 83' lang='lat' dir='ltr'>plures</span> <span class='ocrx_word' id='word_1_30' title='bbox 774 371 965 407; x_wconf 80' lang='lat' dir='ltr'>distinctae</span> <span class='ocrx_word' id='word_1_31' title='bbox 983 377 1120 420; x_wconf 85' lang='lat' dir='ltr'>species</span> <span class='ocrx_word' id='word_1_32' title='bbox 1143 371 1301 406; x_wconf 83' lang='lat' dir='ltr'>dantur&#39;?</span> 
     </span>
    </p>
   </div>
   <div class='ocr_carea' id='block_1_3' title="bbox 596 473 1525 520">
    <p class='ocr_par' dir='ltr' id='par_1_3' title="bbox 596 473 1525 520">
     <span class='ocr_line' id='line_1_5' title="bbox 596 473 1525 520; baseline -0.003 -1"><span class='ocrx_word' id='word_1_33' title='bbox 596 475 1034 520; x_wconf 86' lang='lat' dir='ltr'><strong>SCOLOPAX</strong></span> <span class='ocrx_word' id='word_1_34' title='bbox 1077 473 1525 518; x_wconf 85' lang='lat' dir='ltr'>PHAEOPUS.</span> 
     </span>
    </p>
   </div>
   <div class='ocr_carea' id='block_1_4' title="bbox 257 568 1866 739">
    <p class='ocr_par' dir='ltr' id='par_1_4' title="bbox 257 568 1866 739">
     <span class='ocr_line' id='line_1_6' title="bbox 329 568 1866 623; baseline -0.006 -10"><span class='ocrx_word' id='word_1_35' title='bbox 329 580 417 613; x_wconf 81' lang='lat' dir='ltr'>NON</span> <span class='ocrx_word' id='word_1_36' title='bbox 439 576 511 610; x_wconf 85' lang='lat' dir='ltr'>alio</span> <span class='ocrx_word' id='word_1_37' title='bbox 538 580 690 610; x_wconf 88' lang='lat' dir='ltr'>nomine</span> <span class='ocrx_word' id='word_1_38' title='bbox 716 587 826 623; x_wconf 87' lang='lat' dir='ltr'>quam</span> <span class='ocrx_word' id='word_1_39' title='bbox 855 574 1114 622; x_wconf 72' lang='lat' dir='ltr'>Regenvogel</span> <span class='ocrx_word' id='word_1_40' title='bbox 1139 579 1270 609; x_wconf 79' lang='lat' dir='ltr'>nostris</span> <span class='ocrx_word' id='word_1_41' title='bbox 1299 570 1533 609; x_wconf 78' lang='lat' dir='ltr'>venatoribus</span> <span class='ocrx_word' id='word_1_42' title='bbox 1561 575 1719 618; x_wconf 86' lang='lat' dir='ltr'>cognita.</span> <span class='ocrx_word' id='word_1_43' title='bbox 1752 568 1866 604; x_wconf 85' lang='lat' dir='ltr'>Adest</span> 
     </span>
     <span class='ocr_line' id='line_1_7' title="bbox 257 626 1866 683; baseline -0.006 -14"><span class='ocrx_word' id='word_1_44' title='bbox 257 639 453 683; x_wconf 85' lang='lat' dir='ltr'>quotannis</span> <span class='ocrx_word' id='word_1_45' title='bbox 477 638 516 666; x_wconf 88' lang='lat' dir='ltr'>in</span> <span class='ocrx_word' id='word_1_46' title='bbox 536 632 656 666; x_wconf 81' lang='lat' dir='ltr'>Rheni</span> <span class='ocrx_word' id='word_1_47' title='bbox 680 631 827 676; x_wconf 85' lang='lat' dir='ltr'>insulis,</span> <span class='ocrx_word' id='word_1_48' title='bbox 854 637 891 666; x_wconf 89' lang='lat' dir='ltr'>in</span> <span class='ocrx_word' id='word_1_49' title='bbox 916 641 1017 679; x_wconf 86' lang='lat' dir='ltr'>prata</span> <span class='ocrx_word' id='word_1_50' title='bbox 1049 643 1197 678; x_wconf 84' lang='lat' dir='ltr'>quoque</span> <span class='ocrx_word' id='word_1_51' title='bbox 1231 630 1401 675; x_wconf 82' lang='lat' dir='ltr'>evolans,</span> <span class='ocrx_word' id='word_1_52' title='bbox 1429 629 1557 664; x_wconf 88' lang='lat' dir='ltr'>decem</span> <span class='ocrx_word' id='word_1_53' title='bbox 1590 628 1663 662; x_wconf 78' lang='lat' dir='ltr'>sere</span> <span class='ocrx_word' id='word_1_54' title='bbox 1695 626 1802 662; x_wconf 87' lang='lat' dir='ltr'>simul</span> <span class='ocrx_word' id='word_1_55' title='bbox 1830 631 1866 660; x_wconf 89' lang='lat' dir='ltr'>in</span> 
     </span>
     <span class='ocr_line' id='line_1_8' title="bbox 257 687 1302 739; baseline -0.004 -13"><span class='ocrx_word' id='word_1_56' title='bbox 257 703 402 739; x_wconf 82' lang='lat' dir='ltr'>gregem</span> <span class='ocrx_word' id='word_1_57' title='bbox 424 695 592 725; x_wconf 81' lang='lat' dir='ltr'>sociatae.</span> <span class='ocrx_word' id='word_1_58' title='bbox 617 691 777 734; x_wconf 85' lang='lat' dir='ltr'>Mirum,</span> <span class='ocrx_word' id='word_1_59' title='bbox 800 702 879 723; x_wconf 89' lang='lat' dir='ltr'>non</span> <span class='ocrx_word' id='word_1_60' title='bbox 898 687 1031 723; x_wconf 87' lang='lat' dir='ltr'>habere</span> <span class='ocrx_word' id='word_1_61' title='bbox 1054 688 1302 722; x_wconf 74' lang='lat' dir='ltr'>Balcnerzmz.</span> 
     </span>
    </p>
   </div>
   <div class='ocr_carea' id='block_1_5' title="bbox 566 797 1557 845">
    <p class='ocr_par' dir='ltr' id='par_1_5' title="bbox 566 797 1557 845">
     <span class='ocr_line' id='line_1_9' title="bbox 566 797 1557 845; baseline -0.006 0"><span class='ocrx_word' id='word_1_62' title='bbox 566 800 1002 845; x_wconf 83' lang='lat' dir='ltr'><strong>SCOLOPAX</strong></span> <span class='ocrx_word' id='word_1_63' title='bbox 1048 797 1557 844; x_wconf 86' lang='lat' dir='ltr'>GALLINAGO.</span> 
     </span>
    </p>
   </div>
   <div class='ocr_carea' id='block_1_6' title="bbox 257 905 1876 1580">
    <p class='ocr_par' dir='ltr' id='par_1_6' title="bbox 257 905 1876 1580">
     <span class='ocr_line' id='line_1_10' title="bbox 329 905 1868 955; baseline -0.006 -11"><span class='ocrx_word' id='word_1_64' title='bbox 329 908 474 944; x_wconf 64' lang='lat' dir='ltr'>Frtsclz.</span> <span class='ocrx_word' id='word_1_65' title='bbox 500 907 578 943; x_wconf 77' lang='lat' dir='ltr'>cab.</span> <span class='ocrx_word' id='word_1_66' title='bbox 609 920 688 955; x_wconf 76' lang='lat'>229.</span> <span class='ocrx_word' id='word_1_67' title='bbox 709 907 773 943; x_wconf 88' lang='lat' dir='ltr'>sed</span> <span class='ocrx_word' id='word_1_68' title='bbox 798 907 926 942; x_wconf 89' lang='lat' dir='ltr'>colore</span> <span class='ocrx_word' id='word_1_69' title='bbox 950 908 1111 952; x_wconf 78' lang='lat' dir='ltr'>diver503</span> <span class='ocrx_word' id='word_1_70' title='bbox 1139 917 1176 942; x_wconf 84' lang='lat' dir='ltr'>et</span> <span class='ocrx_word' id='word_1_71' title='bbox 1200 910 1325 940; x_wconf 86' lang='lat' dir='ltr'>nescio</span> <span class='ocrx_word' id='word_1_72' title='bbox 1350 918 1398 939; x_wconf 86' lang='lat' dir='ltr'>an</span> <span class='ocrx_word' id='word_1_73' title='bbox 1426 905 1639 938; x_wconf 87' lang='lat' dir='ltr'>Linnaeana</span> <span class='ocrx_word' id='word_1_74' title='bbox 1668 906 1713 936; x_wconf 88' lang='lat' dir='ltr'>sit</span> <span class='ocrx_word' id='word_1_75' title='bbox 1735 910 1868 935; x_wconf 87' lang='lat' dir='ltr'>nostra.</span> 
     </span>
     <span class='ocr_line' id='line_1_11' title="bbox 257 957 1870 1014; baseline -0.006 -13"><span class='ocrx_word' id='word_1_76' title='bbox 257 968 415 1001; x_wconf 82' lang='lat' dir='ltr'>Nostrae</span> <span class='ocrx_word' id='word_1_77' title='bbox 435 966 547 1014; x_wconf 85' lang='lat' dir='ltr'>pedes</span> <span class='ocrx_word' id='word_1_78' title='bbox 567 977 645 999; x_wconf 91' lang='lat' dir='ltr'>non</span> <span class='ocrx_word' id='word_1_79' title='bbox 661 964 770 1009; x_wconf 87' lang='lat' dir='ltr'>fusci,</span> <span class='ocrx_word' id='word_1_80' title='bbox 792 964 856 999; x_wconf 88' lang='lat' dir='ltr'>sed</span> <span class='ocrx_word' id='word_1_81' title='bbox 871 964 1009 1012; x_wconf 88' lang='lat' dir='ltr'>pallide</span> <span class='ocrx_word' id='word_1_82' title='bbox 1028 964 1202 1007; x_wconf 85' lang='lat' dir='ltr'>olivacei,</span> <span class='ocrx_word' id='word_1_83' title='bbox 1218 968 1494 997; x_wconf 80' lang='lat' dir='ltr'>cinerascentes.</span> <span class='ocrx_word' id='word_1_84' title='bbox 1512 961 1651 994; x_wconf 82' lang='lat' dir='ltr'>Taenia</span> <span class='ocrx_word' id='word_1_85' title='bbox 1667 957 1750 993; x_wconf 86' lang='lat' dir='ltr'>alba</span> <span class='ocrx_word' id='word_1_86' title='bbox 1771 957 1870 991; x_wconf 79' lang='lat' dir='ltr'>fron-</span> 
     </span>
     <span class='ocr_line' id='line_1_12' title="bbox 258 1014 1870 1069; baseline -0.006 -12"><span class='ocrx_word' id='word_1_87' title='bbox 258 1028 321 1067; x_wconf 83' lang='lat' dir='ltr'>tis,</span> <span class='ocrx_word' id='word_1_88' title='bbox 350 1022 421 1057; x_wconf 88' lang='lat' dir='ltr'>alia</span> <span class='ocrx_word' id='word_1_89' title='bbox 446 1021 593 1069; x_wconf 83' lang='lat' dir='ltr'>longior</span> <span class='ocrx_word' id='word_1_90' title='bbox 623 1033 730 1069; x_wconf 85' lang='lat' dir='ltr'>supra</span> <span class='ocrx_word' id='word_1_91' title='bbox 752 1020 904 1064; x_wconf 84' lang='lat' dir='ltr'>oculos,</span> <span class='ocrx_word' id='word_1_92' title='bbox 933 1019 1004 1054; x_wconf 89' lang='lat' dir='ltr'>alia</span> <span class='ocrx_word' id='word_1_93' title='bbox 1025 1019 1116 1053; x_wconf 81' lang='lat' dir='ltr'>infra</span> <span class='ocrx_word' id='word_1_94' title='bbox 1138 1019 1286 1060; x_wconf 77' lang='lat' dir='ltr'>oculos,</span> <span class='ocrx_word' id='word_1_95' title='bbox 1315 1027 1377 1052; x_wconf 89' lang='lat' dir='ltr'>aut</span> <span class='ocrx_word' id='word_1_96' title='bbox 1397 1022 1426 1051; x_wconf 87' lang='lat' dir='ltr'>si</span> <span class='ocrx_word' id='word_1_97' title='bbox 1450 1015 1537 1051; x_wconf 77' lang='lat' dir='ltr'>velis</span> <span class='ocrx_word' id='word_1_98' title='bbox 1553 1043 1561 1059; x_wconf 87' lang='lat'>,</span> <span class='ocrx_word' id='word_1_99' title='bbox 1584 1014 1722 1062; x_wconf 85' lang='lat' dir='ltr'>duplex</span> <span class='ocrx_word' id='word_1_100' title='bbox 1750 1019 1870 1048; x_wconf 84' lang='lat' dir='ltr'>etiam.</span> 
     </span>
     <span class='ocr_line' id='line_1_13' title="bbox 258 1071 1871 1124; baseline -0.006 -11"><span class='ocrx_word' id='word_1_101' title='bbox 258 1079 357 1113; x_wconf 87' lang='lat' dir='ltr'>Gula</span> <span class='ocrx_word' id='word_1_102' title='bbox 371 1091 448 1112; x_wconf 86' lang='lat' dir='ltr'>non</span> <span class='ocrx_word' id='word_1_103' title='bbox 463 1078 684 1124; x_wconf 80' lang='lat' dir='ltr'>ferruginea,</span> <span class='ocrx_word' id='word_1_104' title='bbox 703 1077 768 1110; x_wconf 85' lang='lat' dir='ltr'>sed</span> <span class='ocrx_word' id='word_1_105' title='bbox 787 1076 881 1111; x_wconf 84' lang='lat' dir='ltr'>alba.</span> <span class='ocrx_word' id='word_1_106' title='bbox 903 1075 1002 1110; x_wconf 86' lang='lat' dir='ltr'>Colli</span> <span class='ocrx_word' id='word_1_107' title='bbox 1016 1088 1161 1123; x_wconf 77' lang='lat' dir='ltr'>pennae</span> <span class='ocrx_word' id='word_1_108' title='bbox 1179 1074 1255 1109; x_wconf 88' lang='lat' dir='ltr'>basi</span> <span class='ocrx_word' id='word_1_109' title='bbox 1268 1074 1451 1121; x_wconf 80' lang='lat' dir='ltr'>fasciaque</span> <span class='ocrx_word' id='word_1_110' title='bbox 1470 1086 1543 1106; x_wconf 89' lang='lat' dir='ltr'>una</span> <span class='ocrx_word' id='word_1_111' title='bbox 1560 1071 1675 1106; x_wconf 73' lang='lat' dir='ltr'>Fuscis.</span> <span class='ocrx_word' id='word_1_112' title='bbox 1692 1072 1871 1117; x_wconf 84' lang='lat' dir='ltr'>Remiges,</span> 
     </span>
     <span class='ocr_line' id='line_1_14' title="bbox 258 1128 1872 1184; baseline -0.006 -14"><span class='ocrx_word' id='word_1_113' title='bbox 258 1140 454 1184; x_wconf 82' lang='lat' dir='ltr'>praecipue</span> <span class='ocrx_word' id='word_1_114' title='bbox 467 1133 725 1177; x_wconf 80' lang='lat' dir='ltr'>secundariae,</span> <span class='ocrx_word' id='word_1_115' title='bbox 748 1137 852 1180; x_wconf 86' lang='lat' dir='ltr'>apice</span> <span class='ocrx_word' id='word_1_116' title='bbox 872 1131 991 1168; x_wconf 80' lang='lat' dir='ltr'>albae.</span> <span class='ocrx_word' id='word_1_117' title='bbox 1013 1131 1073 1165; x_wconf 87' lang='lat' dir='ltr'>Sic</span> <span class='ocrx_word' id='word_1_118' title='bbox 1094 1141 1129 1166; x_wconf 85' lang='lat' dir='ltr'>et</span> <span class='ocrx_word' id='word_1_119' title='bbox 1150 1136 1316 1165; x_wconf 69' lang='lat' dir='ltr'>&#39;rectrices</span> <span class='ocrx_word' id='word_1_120' title='bbox 1330 1134 1505 1178; x_wconf 83' lang='lat' dir='ltr'>postremi</span> <span class='ocrx_word' id='word_1_121' title='bbox 1520 1128 1666 1162; x_wconf 85' lang='lat' dir='ltr'>ordinis.</span> <span class='ocrx_word' id='word_1_122' title='bbox 1686 1128 1872 1162; x_wconf 87' lang='lat' dir='ltr'>Tectrices</span> 
     </span>
     <span class='ocr_line' id='line_1_15' title="bbox 258 1183 1872 1235; baseline -0.004 -10"><span class='ocrx_word' id='word_1_123' title='bbox 258 1203 487 1226; x_wconf 86' lang='lat' dir='ltr'>summorum</span> <span class='ocrx_word' id='word_1_124' title='bbox 509 1190 681 1224; x_wconf 79' lang='lat' dir='ltr'>ordinum</span> <span class='ocrx_word' id='word_1_125' title='bbox 702 1188 847 1233; x_wconf 77' lang='lat' dir='ltr'>fuscae,</span> <span class='ocrx_word' id='word_1_126' title='bbox 869 1187 1014 1222; x_wconf 84' lang='lat' dir='ltr'>macula</span> <span class='ocrx_word' id='word_1_127' title='bbox 1036 1187 1176 1235; x_wconf 85' lang='lat' dir='ltr'>duplici</span> <span class='ocrx_word' id='word_1_128' title='bbox 1194 1187 1241 1222; x_wconf 88' lang='lat' dir='ltr'>ad</span> <span class='ocrx_word' id='word_1_129' title='bbox 1257 1193 1410 1235; x_wconf 80' lang='lat' dir='ltr'>apicem.</span> <span class='ocrx_word' id='word_1_130' title='bbox 1432 1187 1642 1221; x_wconf 82' lang='lat' dir='ltr'>Postremae</span> <span class='ocrx_word' id='word_1_131' title='bbox 1665 1183 1872 1231; x_wconf 80' lang='lat' dir='ltr'>elongatae,</span> 
     </span>
     <span class='ocr_line' id='line_1_16' title="bbox 259 1244 1874 1294; baseline -0.004 -12"><span class='ocrx_word' id='word_1_132' title='bbox 259 1248 465 1294; x_wconf 85' lang='lat' dir='ltr'>ferrugineo</span> <span class='ocrx_word' id='word_1_133' title='bbox 488 1253 669 1294; x_wconf 83' lang='lat' dir='ltr'>nigroque</span> <span class='ocrx_word' id='word_1_134' title='bbox 690 1245 869 1280; x_wconf 82' lang='lat' dir='ltr'>fasciatae.</span> <span class='ocrx_word' id='word_1_135' title='bbox 894 1244 988 1279; x_wconf 89' lang='lat' dir='ltr'>Alae</span> <span class='ocrx_word' id='word_1_136' title='bbox 1008 1244 1133 1279; x_wconf 86' lang='lat' dir='ltr'>subtus</span> <span class='ocrx_word' id='word_1_137' title='bbox 1158 1244 1245 1279; x_wconf 89' lang='lat' dir='ltr'>albo</span> <span class='ocrx_word' id='word_1_138' title='bbox 1265 1250 1490 1291; x_wconf 76' lang='lat' dir='ltr'>cinei-eoque</span> <span class='ocrx_word' id='word_1_139' title='bbox 1514 1248 1654 1287; x_wconf 90' lang='lat' dir='ltr'>variae,</span> <span class='ocrx_word' id='word_1_140' title='bbox 1679 1246 1874 1290; x_wconf 84' lang='lat' dir='ltr'>praecipue</span> 
     </span>
     <span class='ocr_line' id='line_1_17' title="bbox 258 1297 1873 1349; baseline -0.006 -9"><span class='ocrx_word' id='word_1_141' title='bbox 258 1310 424 1340; x_wconf 79' lang='lat' dir='ltr'>rectrices</span> <span class='ocrx_word' id='word_1_142' title='bbox 444 1315 673 1339; x_wconf 83' lang='lat' dir='ltr'>summorum</span> <span class='ocrx_word' id='word_1_143' title='bbox 688 1303 861 1337; x_wconf 84' lang='lat' dir='ltr'>ordinum</span> <span class='ocrx_word' id='word_1_144' title='bbox 880 1307 1039 1337; x_wconf 86' lang='lat' dir='ltr'>tenuiter</span> <span class='ocrx_word' id='word_1_145' title='bbox 1052 1310 1089 1336; x_wconf 91' lang='lat' dir='ltr'>et</span> <span class='ocrx_word' id='word_1_146' title='bbox 1108 1300 1306 1349; x_wconf 85' lang='lat' dir='ltr'>eleganter.</span> <span class='ocrx_word' id='word_1_147' title='bbox 1322 1300 1514 1335; x_wconf 86' lang='lat' dir='ltr'>Subalares</span> <span class='ocrx_word' id='word_1_148' title='bbox 1534 1308 1654 1334; x_wconf 87' lang='lat' dir='ltr'>rectae</span> <span class='ocrx_word' id='word_1_149' title='bbox 1669 1308 1739 1333; x_wconf 85' lang='lat' dir='ltr'>tres</span> <span class='ocrx_word' id='word_1_150' title='bbox 1751 1326 1759 1342; x_wconf 95' lang='lat'>,</span> <span class='ocrx_word' id='word_1_151' title='bbox 1774 1297 1873 1332; x_wconf 86' lang='lat' dir='ltr'>fusco</span> 
     </span>
     <span class='ocr_line' id='line_1_18' title="bbox 260 1355 1876 1407; baseline -0.004 -12"><span class='ocrx_word' id='word_1_152' title='bbox 260 1361 446 1403; x_wconf 81' lang='lat' dir='ltr'>fasciatae,</span> <span class='ocrx_word' id='word_1_153' title='bbox 462 1373 616 1407; x_wconf 82' lang='lat' dir='ltr'>quarum</span> <span class='ocrx_word' id='word_1_154' title='bbox 630 1360 843 1406; x_wconf 82' lang='lat' dir='ltr'>longissima</span> <span class='ocrx_word' id='word_1_155' title='bbox 863 1358 989 1392; x_wconf 86' lang='lat' dir='ltr'>fascias</span> <span class='ocrx_word' id='word_1_156' title='bbox 1009 1357 1120 1391; x_wconf 90' lang='lat' dir='ltr'>habet</span> <span class='ocrx_word' id='word_1_157' title='bbox 1135 1358 1319 1392; x_wconf 85' lang='lat' dir='ltr'>undecim.</span> <span class='ocrx_word' id='word_1_158' title='bbox 1336 1359 1377 1391; x_wconf 92' lang='lat' dir='ltr'>In</span> <span class='ocrx_word' id='word_1_159' title='bbox 1398 1357 1520 1390; x_wconf 90' lang='lat' dir='ltr'>medio</span> <span class='ocrx_word' id='word_1_160' title='bbox 1542 1356 1651 1390; x_wconf 90' lang='lat' dir='ltr'>dorso</span> <span class='ocrx_word' id='word_1_161' title='bbox 1667 1355 1786 1389; x_wconf 86' lang='lat' dir='ltr'>lineae</span> <span class='ocrx_word' id='word_1_162' title='bbox 1800 1367 1876 1389; x_wconf 89' lang='lat' dir='ltr'>sor-</span> 
     </span>
     <span class='ocr_line' id='line_1_19' title="bbox 262 1410 1874 1459; baseline -0.006 -7"><span class='ocrx_word' id='word_1_163' title='bbox 262 1417 370 1453; x_wconf 83' lang='lat' dir='ltr'>didae</span> <span class='ocrx_word' id='word_1_164' title='bbox 393 1416 560 1451; x_wconf 80' lang='lat' dir='ltr'>albentes</span> <span class='ocrx_word' id='word_1_165' title='bbox 588 1416 680 1449; x_wconf 84' lang='lat' dir='ltr'>duae</span> <span class='ocrx_word' id='word_1_166' title='bbox 710 1414 888 1448; x_wconf 81' lang='lat' dir='ltr'>formatae</span> <span class='ocrx_word' id='word_1_167' title='bbox 914 1426 934 1447; x_wconf 86' lang='lat' dir='ltr'>a</span> <span class='ocrx_word' id='word_1_168' title='bbox 958 1417 1090 1459; x_wconf 87' lang='lat' dir='ltr'>pennis</span> <span class='ocrx_word' id='word_1_169' title='bbox 1119 1417 1283 1458; x_wconf 75' lang='lat' dir='ltr'>margine</span> <span class='ocrx_word' id='word_1_170' title='bbox 1307 1417 1479 1445; x_wconf 87' lang='lat' dir='ltr'>interiore</span> <span class='ocrx_word' id='word_1_171' title='bbox 1506 1416 1635 1457; x_wconf 86' lang='lat' dir='ltr'>nigro,</span> <span class='ocrx_word' id='word_1_172' title='bbox 1663 1410 1762 1445; x_wconf 86' lang='lat' dir='ltr'>fulvo</span> <span class='ocrx_word' id='word_1_173' title='bbox 1789 1410 1874 1444; x_wconf 88' lang='lat' dir='ltr'>sub-</span> 
     </span>
     <span class='ocr_line' id='line_1_20' title="bbox 262 1467 1876 1517; baseline -0.004 -9"><span class='ocrx_word' id='word_1_174' title='bbox 262 1475 411 1509; x_wconf 77' lang='lat' dir='ltr'>fasciato</span> <span class='ocrx_word' id='word_1_175' title='bbox 428 1501 436 1517; x_wconf 87' lang='lat'>,</span> <span class='ocrx_word' id='word_1_176' title='bbox 465 1478 644 1507; x_wconf 78' lang='lat' dir='ltr'>exteriore</span> <span class='ocrx_word' id='word_1_177' title='bbox 659 1470 811 1517; x_wconf 79' lang='lat' dir='ltr'>oblique</span> <span class='ocrx_word' id='word_1_178' title='bbox 826 1468 1139 1516; x_wconf 82' lang='lat' dir='ltr'>albo-ferrugineo</span> <span class='ocrx_word' id='word_1_179' title='bbox 1157 1468 1361 1503; x_wconf 79' lang='lat' dir='ltr'>dimidiato,</span> <span class='ocrx_word' id='word_1_180' title='bbox 1387 1469 1599 1503; x_wconf 87' lang='lat' dir='ltr'>Rectricum</span> <span class='ocrx_word' id='word_1_181' title='bbox 1620 1467 1714 1502; x_wconf 85' lang='lat' dir='ltr'>basis</span> <span class='ocrx_word' id='word_1_182' title='bbox 1728 1467 1876 1502; x_wconf 76' lang='lat' dir='ltr'>fasciae-</span> 
     </span>
     <span class='ocr_line' id='line_1_21' title="bbox 264 1526 924 1580; baseline -0.009 -14"><span class='ocrx_word' id='word_1_183' title='bbox 264 1543 335 1580; x_wconf 89' lang='lat' dir='ltr'>que</span> <span class='ocrx_word' id='word_1_184' title='bbox 356 1531 449 1566; x_wconf 85' lang='lat' dir='ltr'>duae</span> <span class='ocrx_word' id='word_1_185' title='bbox 464 1535 607 1577; x_wconf 81' lang='lat' dir='ltr'>nigrae,</span> <span class='ocrx_word' id='word_1_186' title='bbox 636 1537 775 1562; x_wconf 88' lang='lat' dir='ltr'>ceterae</span> <span class='ocrx_word' id='word_1_187' title='bbox 795 1526 924 1562; x_wconf 83' lang='lat' dir='ltr'>fulvae.</span> 
     </span>
    </p>
   </div>
   <div class='ocr_carea' id='block_1_7' title="bbox 584 1628 1557 1675">
    <p class='ocr_par' dir='ltr' id='par_1_7' title="bbox 584 1628 1557 1675">
     <span class='ocr_line' id='line_1_22' title="bbox 584 1628 1557 1675; baseline -0.006 0"><span class='ocrx_word' id='word_1_188' title='bbox 584 1630 1022 1675; x_wconf 86' lang='lat' dir='ltr'><strong>SCOLOPAX</strong></span> <span class='ocrx_word' id='word_1_189' title='bbox 1064 1628 1557 1673; x_wconf 82' lang='lat' dir='ltr'>RUSTICOLA.</span> 
     </span>
    </p>
   </div>
   <div class='ocr_carea' id='block_1_8' title="bbox 265 1725 1880 2281">
    <p class='ocr_par' dir='ltr' id='par_1_8' title="bbox 265 1725 1880 2281">
     <span class='ocr_line' id='line_1_23' title="bbox 339 1725 1875 1778; baseline -0.005 -11"><span class='ocrx_word' id='word_1_190' title='bbox 339 1734 525 1767; x_wconf 67' lang='lat' dir='ltr'>Rostrum</span> <span class='ocrx_word' id='word_1_191' title='bbox 547 1731 666 1778; x_wconf 81' lang='lat' dir='ltr'>digitis</span> <span class='ocrx_word' id='word_1_192' title='bbox 691 1729 805 1777; x_wconf 89' lang='lat' dir='ltr'>duplo</span> <span class='ocrx_word' id='word_1_193' title='bbox 822 1729 988 1776; x_wconf 85' lang='lat' dir='ltr'>longius,</span> <span class='ocrx_word' id='word_1_194' title='bbox 1007 1737 1092 1763; x_wconf 86' lang='lat' dir='ltr'>ante</span> <span class='ocrx_word' id='word_1_195' title='bbox 1112 1734 1257 1776; x_wconf 84' lang='lat' dir='ltr'>apicem</span> <span class='ocrx_word' id='word_1_196' title='bbox 1271 1738 1444 1774; x_wconf 81' lang='lat' dir='ltr'>rugosum</span> <span class='ocrx_word' id='word_1_197' title='bbox 1457 1754 1466 1770; x_wconf 93' lang='lat'>,</span> <span class='ocrx_word' id='word_1_198' title='bbox 1487 1731 1591 1773; x_wconf 87' lang='lat' dir='ltr'>apice</span> <span class='ocrx_word' id='word_1_199' title='bbox 1608 1725 1745 1773; x_wconf 70' lang='lat' dir='ltr'>glabro</span> <span class='ocrx_word' id='word_1_200' title='bbox 1766 1726 1875 1760; x_wconf 86' lang='lat' dir='ltr'>Man-</span> 
     </span>
     <span class='ocr_line' id='line_1_24' title="bbox 268 1782 1876 1838; baseline -0.007 -11"><span class='ocrx_word' id='word_1_201' title='bbox 268 1790 392 1827; x_wconf 88' lang='lat' dir='ltr'>dibula</span> <span class='ocrx_word' id='word_1_202' title='bbox 406 1795 587 1838; x_wconf 82' lang='lat' dir='ltr'>superiore</span> <span class='ocrx_word' id='word_1_203' title='bbox 609 1787 845 1836; x_wconf 83' lang='lat' dir='ltr'>productiore</span> <span class='ocrx_word' id='word_1_204' title='bbox 859 1814 867 1830; x_wconf 93' lang='lat'>,</span> <span class='ocrx_word' id='word_1_205' title='bbox 895 1792 998 1834; x_wconf 85' lang='lat' dir='ltr'>apice</span> <span class='ocrx_word' id='word_1_206' title='bbox 1013 1785 1138 1820; x_wconf 83' lang='lat' dir='ltr'>subtus</span> <span class='ocrx_word' id='word_1_207' title='bbox 1152 1784 1262 1832; x_wconf 82' lang='lat' dir='ltr'>gibbo</span> <span class='ocrx_word' id='word_1_208' title='bbox 1281 1798 1288 1828; x_wconf 89' lang='lat'>;</span> <span class='ocrx_word' id='word_1_209' title='bbox 1308 1794 1463 1831; x_wconf 84' lang='lat' dir='ltr'>utraque</span> <span class='ocrx_word' id='word_1_210' title='bbox 1483 1782 1585 1818; x_wconf 83' lang='lat' dir='ltr'>sulco</span> <span class='ocrx_word' id='word_1_211' title='bbox 1607 1792 1759 1817; x_wconf 85' lang='lat' dir='ltr'>exarata.</span> <span class='ocrx_word' id='word_1_212' title='bbox 1780 1783 1876 1816; x_wconf 74' lang='lat' dir='ltr'>Lm-</span> 
     </span>
     <span class='ocr_line' id='line_1_25' title="bbox 265 1838 1875 1897; baseline -0.006 -15"><span class='ocrx_word' id='word_1_213' title='bbox 265 1862 350 1897; x_wconf 68' lang='lat' dir='ltr'>gua</span> <span class='ocrx_word' id='word_1_214' title='bbox 365 1847 477 1893; x_wconf 83' lang='lat' dir='ltr'>longa</span> <span class='ocrx_word' id='word_1_215' title='bbox 492 1844 668 1880; x_wconf 81' lang='lat' dir='ltr'>subulata.</span> <span class='ocrx_word' id='word_1_216' title='bbox 691 1844 868 1878; x_wconf 70' lang='lat' dir='ltr'>Pectoris</span> <span class='ocrx_word' id='word_1_217' title='bbox 883 1843 1031 1890; x_wconf 87' lang='lat' dir='ltr'>plumae</span> <span class='ocrx_word' id='word_1_218' title='bbox 1050 1842 1253 1876; x_wconf 86' lang='lat' dir='ltr'>albicantes</span> <span class='ocrx_word' id='word_1_219' title='bbox 1270 1869 1278 1885; x_wconf 94' lang='lat'>,</span> <span class='ocrx_word' id='word_1_220' title='bbox 1302 1840 1418 1874; x_wconf 80' lang='lat' dir='ltr'>fasciis</span> <span class='ocrx_word' id='word_1_221' title='bbox 1442 1839 1554 1874; x_wconf 84' lang='lat' dir='ltr'>tribus</span> <span class='ocrx_word' id='word_1_222' title='bbox 1574 1838 1759 1874; x_wconf 85' lang='lat' dir='ltr'>undulatis</span> <span class='ocrx_word' id='word_1_223' title='bbox 1783 1838 1875 1873; x_wconf 77' lang='lat' dir='ltr'>basi-</span> 
     </span>
     <span class='ocr_line' id='line_1_26' title="bbox 269 1895 1877 1953; baseline -0.006 -14"><span class='ocrx_word' id='word_1_224' title='bbox 269 1918 340 1953; x_wconf 89' lang='lat' dir='ltr'>que</span> <span class='ocrx_word' id='word_1_225' title='bbox 354 1902 621 1951; x_wconf 80' lang='lat' dir='ltr'>nigricantibus.</span> <span class='ocrx_word' id='word_1_226' title='bbox 641 1902 761 1936; x_wconf 70' lang='lat' dir='ltr'>Dorsi</span> <span class='ocrx_word' id='word_1_227' title='bbox 776 1900 923 1948; x_wconf 84' lang='lat' dir='ltr'>plumae</span> <span class='ocrx_word' id='word_1_228' title='bbox 938 1898 1182 1946; x_wconf 84' lang='lat' dir='ltr'>irregulariter</span> <span class='ocrx_word' id='word_1_229' title='bbox 1201 1898 1287 1932; x_wconf 87' lang='lat' dir='ltr'>albo</span> <span class='ocrx_word' id='word_1_230' title='bbox 1305 1925 1313 1942; x_wconf 93' lang='lat'>,</span> <span class='ocrx_word' id='word_1_231' title='bbox 1341 1902 1464 1944; x_wconf 87' lang='lat' dir='ltr'>nigro,</span> <span class='ocrx_word' id='word_1_232' title='bbox 1488 1895 1609 1939; x_wconf 85' lang='lat' dir='ltr'>fulvo,</span> <span class='ocrx_word' id='word_1_233' title='bbox 1634 1901 1778 1930; x_wconf 82' lang='lat' dir='ltr'>cinereo</span> <span class='ocrx_word' id='word_1_234' title='bbox 1799 1908 1877 1930; x_wconf 83' lang='lat' dir='ltr'>ma-</span> 
     </span>
     <span class='ocr_line' id='line_1_27' title="bbox 270 1956 1878 2006; baseline -0.006 -10"><span class='ocrx_word' id='word_1_235' title='bbox 270 1961 421 1997; x_wconf 78' lang='lat' dir='ltr'>culatae.</span> <span class='ocrx_word' id='word_1_236' title='bbox 441 1962 552 1994; x_wconf 82' lang='lat' dir='ltr'>Linea</span> <span class='ocrx_word' id='word_1_237' title='bbox 579 1965 680 2006; x_wconf 84' lang='lat' dir='ltr'>nigra</span> <span class='ocrx_word' id='word_1_238' title='bbox 700 1957 746 1992; x_wconf 87' lang='lat' dir='ltr'>ab</span> <span class='ocrx_word' id='word_1_239' title='bbox 766 1957 881 1992; x_wconf 83' lang='lat' dir='ltr'>oculis</span> <span class='ocrx_word' id='word_1_240' title='bbox 901 1956 948 1990; x_wconf 89' lang='lat' dir='ltr'>ad</span> <span class='ocrx_word' id='word_1_241' title='bbox 970 1965 1136 1990; x_wconf 88' lang='lat' dir='ltr'>rostrum.</span> <span class='ocrx_word' id='word_1_242' title='bbox 1167 1956 1355 2001; x_wconf 73' lang='lat' dir='ltr'>Remiges</span> <span class='ocrx_word' id='word_1_243' title='bbox 1379 1959 1527 2001; x_wconf 79' lang='lat' dir='ltr'>nigrae,</span> <span class='ocrx_word' id='word_1_244' title='bbox 1555 1958 1693 2000; x_wconf 84' lang='lat' dir='ltr'>primae</span> <span class='ocrx_word' id='word_1_245' title='bbox 1716 1957 1878 1999; x_wconf 79' lang='lat' dir='ltr'>margine</span> 
     </span>
     <span class='ocr_line' id='line_1_28' title="bbox 270 2009 1878 2063; baseline -0.006 -10"><span class='ocrx_word' id='word_1_246' title='bbox 270 2024 448 2054; x_wconf 87' lang='lat' dir='ltr'>exteriore</span> <span class='ocrx_word' id='word_1_247' title='bbox 465 2016 572 2060; x_wconf 84' lang='lat' dir='ltr'>albo,</span> <span class='ocrx_word' id='word_1_248' title='bbox 592 2016 815 2063; x_wconf 78' lang='lat' dir='ltr'>reliquarum</span> <span class='ocrx_word' id='word_1_249' title='bbox 829 2012 983 2048; x_wconf 85' lang='lat' dir='ltr'>maculis</span> <span class='ocrx_word' id='word_1_250' title='bbox 1002 2017 1154 2059; x_wconf 82' lang='lat' dir='ltr'>trigonis</span> <span class='ocrx_word' id='word_1_251' title='bbox 1168 2011 1297 2056; x_wconf 79' lang='lat' dir='ltr'>fulvis,</span> <span class='ocrx_word' id='word_1_252' title='bbox 1321 2015 1524 2059; x_wconf 82' lang='lat' dir='ltr'>posteriore</span> <span class='ocrx_word' id='word_1_253' title='bbox 1542 2015 1706 2056; x_wconf 82' lang='lat' dir='ltr'>margine</span> <span class='ocrx_word' id='word_1_254' title='bbox 1726 2009 1878 2043; x_wconf 79' lang='lat' dir='ltr'>maculis</span> 
     </span>
     <span class='ocr_line' id='line_1_29' title="bbox 271 2066 1879 2123; baseline -0.007 -12"><span class='ocrx_word' id='word_1_255' title='bbox 271 2081 445 2123; x_wconf 79' lang='lat' dir='ltr'>trigonis,</span> <span class='ocrx_word' id='word_1_256' title='bbox 476 2078 635 2108; x_wconf 70' lang='lat' dir='ltr'>cinercis.</span> <span class='ocrx_word' id='word_1_257' title='bbox 672 2073 862 2107; x_wconf 70' lang='lat' dir='ltr'>Teccrices</span> <span class='ocrx_word' id='word_1_258' title='bbox 890 2075 1033 2117; x_wconf 83' lang='lat' dir='ltr'>nigrae,</span> <span class='ocrx_word' id='word_1_259' title='bbox 1061 2068 1177 2103; x_wconf 79' lang='lat' dir='ltr'>fasciis</span> <span class='ocrx_word' id='word_1_260' title='bbox 1205 2067 1318 2104; x_wconf 78' lang='lat' dir='ltr'>fulvis.</span> <span class='ocrx_word' id='word_1_261' title='bbox 1345 2069 1532 2102; x_wconf 69' lang='lat' dir='ltr'>&#39;&#39;sectrices</span> <span class='ocrx_word' id='word_1_262' title='bbox 1562 2072 1778 2114; x_wconf 74' lang='lat' dir='ltr'>posteriores</span> <span class='ocrx_word' id='word_1_263' title='bbox 1805 2066 1879 2101; x_wconf 86' lang='lat' dir='ltr'>albi</span> 
     </span>
     <span class='ocr_line' id='line_1_30' title="bbox 272 2122 1880 2181; baseline -0.007 -14"><span class='ocrx_word' id='word_1_264' title='bbox 272 2132 411 2181; x_wconf 76' lang='lat' dir='ltr'>aliquid</span> <span class='ocrx_word' id='word_1_265' title='bbox 428 2141 463 2166; x_wconf 86' lang='lat' dir='ltr'>et</span> <span class='ocrx_word' id='word_1_266' title='bbox 483 2130 606 2165; x_wconf 79' lang='lat' dir='ltr'>[ascias</span> <span class='ocrx_word' id='word_1_267' title='bbox 627 2135 785 2164; x_wconf 78' lang='lat' dir='ltr'>cinereas</span> <span class='ocrx_word' id='word_1_268' title='bbox 807 2134 912 2176; x_wconf 86' lang='lat' dir='ltr'>nigro</span> <span class='ocrx_word' id='word_1_269' title='bbox 929 2125 1171 2162; x_wconf 86' lang='lat' dir='ltr'>circumdatas</span> <span class='ocrx_word' id='word_1_270' title='bbox 1186 2123 1331 2159; x_wconf 86' lang='lat' dir='ltr'>habent.</span> <span class='ocrx_word' id='word_1_271' title='bbox 1350 2123 1490 2158; x_wconf 72' lang='lat' dir='ltr'>c&#39;auda</span> <span class='ocrx_word' id='word_1_272' title='bbox 1506 2122 1643 2166; x_wconf 86' lang='lat' dir='ltr'>brevis,</span> <span class='ocrx_word' id='word_1_273' title='bbox 1658 2122 1880 2157; x_wconf 68' lang='lat' dir='ltr'>rectricibus</span> 
     </span>
     <span class='ocr_line' id='line_1_31' title="bbox 272 2181 1880 2236; baseline -0.007 -12"><span class='ocrx_word' id='word_1_274' title='bbox 272 2195 381 2236; x_wconf 72' lang='lat' dir='ltr'>nigris</span> <span class='ocrx_word' id='word_1_275' title='bbox 397 2194 500 2236; x_wconf 80' lang='lat' dir='ltr'>apice</span> <span class='ocrx_word' id='word_1_276' title='bbox 520 2200 625 2235; x_wconf 82' lang='lat' dir='ltr'>supra</span> <span class='ocrx_word' id='word_1_277' title='bbox 650 2198 742 2220; x_wconf 81' lang='lat' dir='ltr'>cano</span> <span class='ocrx_word' id='word_1_278' title='bbox 760 2185 885 2220; x_wconf 87' lang='lat' dir='ltr'>subtus</span> <span class='ocrx_word' id='word_1_279' title='bbox 908 2190 1024 2219; x_wconf 68' lang='lat' dir='ltr'>niveo</span> <span class='ocrx_word' id='word_1_280' title='bbox 1043 2182 1199 2216; x_wconf 72' lang='lat' dir='ltr'>Pedum</span> <span class='ocrx_word' id='word_1_281' title='bbox 1219 2181 1322 2217; x_wconf 87' lang='lat' dir='ltr'>color</span> <span class='ocrx_word' id='word_1_282' title='bbox 1340 2185 1462 2228; x_wconf 81' lang='lat' dir='ltr'>potius</span> <span class='ocrx_word' id='word_1_283' title='bbox 1481 2192 1633 2215; x_wconf 81' lang='lat' dir='ltr'>carneus</span> <span class='ocrx_word' id='word_1_284' title='bbox 1653 2191 1764 2227; x_wconf 82' lang='lat' dir='ltr'>quam</span> <span class='ocrx_word' id='word_1_285' title='bbox 1782 2185 1880 2215; x_wconf 83' lang='lat' dir='ltr'>cine-</span> 
     </span>
     <span class='ocr_line' id='line_1_32' title="bbox 273 2242 1157 2281; baseline -0.008 0"><span class='ocrx_word' id='word_1_286' title='bbox 273 2259 362 2281; x_wconf 75' lang='lat' dir='ltr'>reus.</span> <span class='ocrx_word' id='word_1_287' title='bbox 387 2247 596 2280; x_wconf 75' lang='lat' dir='ltr'>Rectrieum</span> <span class='ocrx_word' id='word_1_288' title='bbox 617 2242 762 2278; x_wconf 83' lang='lat' dir='ltr'>rhachis</span> <span class='ocrx_word' id='word_1_289' title='bbox 781 2248 929 2278; x_wconf 81' lang='lat' dir='ltr'>incurva</span> <span class='ocrx_word' id='word_1_290' title='bbox 950 2246 1157 2276; x_wconf 88' lang='lat' dir='ltr'>introrsum.</span> 
     </span>
    </p>
   </div>
  </div>
 </body>
</html>
