2054 2748
265 149 341 199 142
615 152 1095 186 OBSERVATIONES
1143 153 1512 185 ZOOLOG-ICAE.

257 241 304 275 ad
325 252 365 274 os
384 239 531 275 femoris
548 246 725 275 vervecini
745 239 920 286 reliquaS,
940 250 1025 272 cum
1040 243 1204 286 appetitu
1222 238 1402 273 arrodere.
1428 241 1559 287 Neque
1573 238 1610 274 id
1623 237 1718 274 fame
1733 250 1861 275 coacta

258 296 354 331 fecit.
382 299 454 331 Lac
475 309 623 345 quoque
642 301 790 344 potavit.
812 295 928 329 Avide
947 300 1056 329 etiam
1076 307 1202 329 carnes
1217 296 1398 342 projectas
1420 296 1592 331 numidae
1615 306 1783 330 mortuae
1800 308 1864 331 vo-

257 359 359 390 ravit.
380 355 468 388 Non
489 354 526 388 id
546 366 656 400 ergO,
684 357 734 386 uti
756 350 945 386 Buffonius
965 351 1126 396 dixerat,
1154 351 1360 399 gallinaceo
1383 358 1507 399 generi
1529 352 1719 400 singulare.

331 410 516 445 Lubenter
536 414 635 444 testis
651 420 804 443 ovorum
820 407 946 442 ludere
957 435 966 453 ,
993 413 1103 443 etiam
1116 408 1256 456 aliquid
1272 408 1317 442 de
1336 408 1407 443 illis
1421 409 1644 444 manducare
1662 408 1862 445 videbatur.

259 467 435 503 Canicula
462 466 604 501 solebat
631 477 716 498 cum
743 471 809 499 ista
834 464 979 509 ludere,
1014 465 1191 513 illamque
1214 465 1426 511 joculariter
1447 472 1631 513 prosequi.
1656 466 1754 499 Tum
1779 477 1864 500 anas

258 523 362 558 humi
392 522 633 566 decumbere,
660 528 771 557 etiam
785 527 824 557 in
844 521 994 556 dorsum
1019 534 1057 557 se
1078 524 1281 568 conjicere,
1309 531 1345 556 et
1372 521 1458 557 vell'i
1481 522 1686 571 leniterque
1705 522 1865 558 morderi

258 593 295 616 se
309 587 394 630 pati.

332 638 477 672 Semina
493 637 656 683 projecta
670 641 779 670 tritici
793 635 931 684 speltae
955 647 1033 669 non
1047 639 1167 682 tetigit
1183 663 1190 680 ,
1211 634 1275 670 sed
1294 636 1481 683 projectae
1505 640 1604 670 carni
1626 635 1730 670 avide
1745 633 1866 669 inhia-

258 700 318 729 vit.
345 695 479 727 Carnes
503 692 596 726 adeo
618 692 766 727 amabat
794 702 833 727 ut
856 704 964 739 saepe
991 704 1085 739 quae
1110 691 1188 726 laro
1211 698 1340 727 naevio
1370 691 1639 738 objicerentur,
1666 703 1866 739 praeoccu-

258 760 383 798 paret,
411 755 521 783 etiam
545 762 610 784 cor
631 748 824 784 vitulinum
847 748 1002 783 crudum
1030 748 1132 796 quod
1154 748 1233 782 felis
1259 748 1375 783 furata
1399 758 1493 793 erat,
1527 753 1565 782 in
1588 749 1664 793 ejus
1690 753 1866 782 societate

257 812 373 841 amice
400 818 483 840 cum
506 805 569 840 illa
590 805 813 841 absumserit.
841 804 916 839 Sed
939 814 1081 853 pastam
1104 816 1149 839 ex
1174 804 1287 839 farina
1311 814 1374 839 aut
1396 803 1611 848 furfuribus,
1639 812 1702 837 aut
1727 803 1866 837 radices

257 862 376 897 solani
392 861 570 896 esculenti
584 862 799 910 simpliciter
817 871 940 896 coctas
960 866 1137 895 recusavit
1152 888 1160 905 ,
1196 872 1281 895 cum
1299 860 1429 906 butyro
1453 870 1577 895 autem
1597 869 1673 894 arte
1691 859 1867 894 culinaria

257 918 368 967 paulo
389 918 519 953 lautius
535 929 765 966 praeparatas
786 929 822 954 et
836 918 936 953 olera
952 930 997 952 ex
1008 930 1131 952 mensa
1150 918 1275 952 relicta
1297 923 1444 952 voravit.
1458 916 1544 951 Vidi
1559 929 1598 950 os
1610 915 1710 964 pedis
1724 914 1868 950 vitulini

259 975 383 1019 crudi,
409 976 454 1009 ad
475 974 792 1018 articulationem,
819 981 871 1008 uti
895 975 1094 1021 ligamenta
1115 985 1151 1009 et
1171 975 1312 1022 aliquid
1329 974 1445 1024 adipis
1468 973 1739 1021 glandulaeque
1758 985 1867 1018 syno-

257 1031 360 1067 vialis
379 1031 517 1065 avidius
548 1042 659 1078 quam
685 1031 824 1064 faciunt
848 1029 1007 1077 gallinae
1033 1030 1220 1065 arroderet
1247 1040 1283 1064 et
1314 1029 1537 1077 prehensum
1570 1029 1798 1073 verberaret,
1827 1039 1867 1064 ut

258 1087 398 1135 aliquid
419 1087 506 1121 inde
527 1086 712 1121 avelleret.
741 1085 947 1120 Vitulinum
964 1085 1058 1120 illud
1074 1099 1114 1120 os
1132 1086 1303 1130 crudum,
1332 1086 1433 1133 quod
1453 1085 1684 1120 mollioribus
1698 1086 1866 1120 rodendo

258 1143 492 1178 absumendis
514 1142 675 1191 partibus
693 1141 921 1186 abundabat,
935 1147 1011 1190 ipsa
1031 1141 1197 1176 canicula
1212 1154 1294 1176 mea
1313 1142 1586 1176 detrectaverat.
1614 1142 1687 1176 Sed
1706 1141 1866 1186 limaces,

257 1200 491 1247 helicesque,
510 1199 598 1234 licet
617 1197 782 1234 diffracta
804 1208 915 1243 testa,
942 1197 1141 1239 lumbricos
1165 1208 1202 1234 et
1220 1197 1397 1234 ascarides
1420 1197 1657 1233 lumbricares
1676 1210 1868 1246 nunquam

258 1262 387 1304 tetigit.

333 1315 563 1361 Acceperam
591 1313 663 1348 Ao.
689 1314 789 1360 1780.
819 1313 869 1348 13.
890 1314 998 1348 Mart.
1019 1323 1054 1348 et
1074 1313 1133 1348 die
1158 1314 1208 1348 18.
1230 1314 1318 1359 Maj.
1334 1325 1445 1348 ovum
1463 1318 1623 1361 peperit,
1645 1321 1682 1347 et
1700 1311 1869 1360 quolibet

259 1376 369 1405 trium
384 1376 616 1416 sequentium
631 1370 771 1403 dierum
784 1369 905 1403 adhuc
920 1381 1045 1402 unum.
1073 1370 1193 1402 Ovum
1212 1370 1466 1413 magnitudine
1481 1380 1516 1403 et
1529 1369 1645 1403 forma
1660 1368 1866 1415 gallinacei,

261 1432 487 1461 cinerascens
506 1435 568 1459 aut
582 1425 761 1459 flavicans.
789 1424 926 1471 Sapore
948 1423 1049 1456 bono
1062 1451 1071 1467 ,
1097 1422 1208 1470 paulo
1224 1428 1416 1470 pinguiore
1437 1436 1548 1471 quam
1565 1424 1768 1470 gallinacei.

332 1484 479 1530 Peperit
507 1486 705 1516 successive
733 1492 804 1514 ova
836 1479 1120 1527 septemdecim,
1154 1478 1321 1526 quolibet
1341 1478 1414 1512 fere
1435 1479 1494 1513 die
1517 1492 1640 1513 unum.
1668 1481 1765 1514 Tum
1783 1490 1868 1528 post

260 1538 575 1586 intercapedinem
590 1536 869 1585 quatuordecim
892 1535 965 1570 fere
985 1535 1127 1569 dierum
1142 1540 1273 1569 iterum
1296 1540 1434 1583 incepit
1457 1535 1612 1570 totidem
1632 1534 1707 1569 fere
1729 1548 1867 1584 parere,

261 1606 297 1631 et
319 1601 423 1629 initio
448 1594 536 1629 Juln
552 1621 560 1637 ,
598 1593 684 1627 licet
711 1601 907 1640 tempestas
927 1601 1020 1626 esset
1047 1590 1293 1638 frigidius-cula
1313 1601 1349 1625 et
1372 1590 1517 1638 pluvia,
1545 1590 1687 1638 plumas
1713 1591 1780 1626 sibi
1802 1605 1867 1627 co-

261 1657 462 1702 piosissime
493 1649 644 1691 evulsit,
676 1659 713 1683 et
741 1654 878 1682 circum
901 1659 939 1682 se
960 1653 1062 1695 quasi
1086 1647 1215 1682 nidum
1239 1647 1435 1695 disposuit,
1462 1652 1511 1680 ita
1539 1656 1664 1681 tamen
1690 1656 1730 1681 ut
1757 1648 1866 1683 simul

260 1720 351 1745 voce
371 1707 539 1742 dolorem
555 1710 657 1754 quasi
675 1704 837 1752 aliquem
855 1709 1093 1752 exprimeret,
1111 1714 1147 1739 et
1165 1703 1347 1738 videretur
1365 1702 1437 1737 alio
1453 1708 1649 1747 instinctu,
1667 1702 1868 1739 incubandi

261 1777 394 1812 nempe
411 1792 418 1809 ,
446 1769 540 1798 victa
560 1761 652 1796 illud
674 1761 802 1795 facere.
838 1762 903 1796 Uti
923 1766 1025 1795 inviti
1051 1760 1201 1808 quidam
1225 1765 1330 1794 certis
1351 1759 1634 1806 cogitationibus
1654 1759 1868 1806 indulgent,

262 1831 324 1857 aut
340 1834 419 1855 non
438 1818 617 1854 naturalia
636 1817 863 1866 deglutiunt,
883 1826 945 1851 aut
965 1817 1099 1864 digitos
1114 1817 1268 1860 rodunt,
1295 1825 1356 1850 aut
1371 1821 1423 1850 uti
1436 1821 1559 1850 simiae
1574 1816 1706 1850 caudas
1717 1816 1865 1862 rodunt⁷

262 1888 325 1914 aut
343 1875 578 1924 hydrophobi
597 1875 789 1919 mordent,
816 1884 878 1909 aut
891 1879 1027 1908 sciurus
1041 1878 1079 1906 in
1092 1872 1223 1907 crotali
1241 1872 1362 1907 fauces
1380 1885 1417 1907 se
1430 1874 1586 1917 conjicit.
1610 1873 1768 1919 (Omnes
1783 1886 1864 1920 ego,

263 1947 351 1983 quas
373 1932 546 1967 incubare
573 1932 665 1976 vidi,
693 1941 729 1966 et
750 1931 910 1979 plurium
939 1929 1249 1963 observandarum
1277 1934 1421 1963 occasio
1441 1927 1532 1962 mihi
1558 1928 1644 1973 fuit,
1670 1929 1800 1963 nidum
1820 1942 1866 1964 ex

263 1990 397 2039 plumis
420 1994 666 2036 copiosissime
685 1987 751 2022 sibi
771 1996 901 2034 sponte
923 1984 1076 2028 evulsis,
1104 1991 1229 2032 quavis
1243 1995 1479 2033 tempestate,
1505 1995 1745 2032 paraverunt,
1763 1996 1865 2021 ante-

263 2059 374 2095 quam
396 2058 462 2081 ova
482 2058 606 2093 parere
628 2050 848 2092 inciperent,
880 2042 966 2077 loco
987 2042 1138 2090 quidem
1162 2042 1209 2076 ad
1227 2041 1385 2077 lubitum
1404 2041 1535 2077 electo,
1554 2040 1642 2087 Ed)

337 2103 427 2138 Fine
445 2101 532 2136 Julii
553 2101 675 2135 denuo
697 2106 820 2148 coepit
840 2111 976 2147 parere.

339 2158 430 2206 (Ao.
458 2168 556 2205 ¹791·
572 2162 675 2191 initio
696 2157 880 2192 Februarii
894 2168 1023 2190 omnes
1037 2167 1182 2204 prorsus
1198 2161 1367 2190 rectrices
1381 2161 1510 2191 amisit.
1537 2156 1613 2190 Die
1627 2167 1683 2190 ετ.
1703 2155 1866 2201 ejusdem

263 2221 397 2251 mensis
417 2226 535 2251 novae
554 2223 656 2249 erant
675 2212 906 2260 longitudine
922 2212 1153 2262 bipollicari,
1172 2212 1619 2262 sanguineo-pellucidae,
1639 2218 1750 2262 apicis
1762 2217 1866 2262 peni-
