2054 2748
299 154 375 182 110
654 143 1134 180 OBSERVATIONES
1181 144 1540 175 ZOOLOGICAE.

290 237 380 272 mihi
396 236 549 271 obscura
563 239 646 271 visa.
673 235 824 268 Remea:
842 236 957 279 prima
979 229 1204 273 brevissima,
1225 232 1390 275 margine
1411 233 1585 263 interiore
1608 232 1662 264 uti
1682 236 1718 264 et
1732 233 1895 277 quinque

290 299 522 342 sequentium
542 296 700 326 maxime
714 294 842 333 incisa,
864 292 969 322 tertia
992 292 1157 321 omnium
1181 286 1404 332 longissima.

363 349 489 384 Pedes
509 358 699 397 quousque
717 344 827 388 nudi,
850 342 932 377 ssavi
952 352 1058 387 sunt,
1081 355 1219 390 ungues
1246 347 1347 388 nigri.

365 407 491 440 Minor
520 407 740 440 Brissonium
765 412 905 448 pennas
929 404 1056 447 capitis
1082 404 1296 443 strictiores,
1323 407 1464 442 acutas,
1495 403 1779 444 cinerascentes‚
1808 410 1896 447 quas

292 473 416 499 tamen
435 469 473 497 in
496 467 613 509 specie
634 463 786 505 quinta,
808 456 930 505 aquila
949 454 1112 491 albicilla
1135 455 1326 500 observat,
1348 466 1426 487 non
1445 463 1649 489 annotasse.

368 519 486 554 Oculi
506 515 694 551 avellanei.

366 574 577 611 Szcbalares
601 571 711 619 (quas
723 569 893 606 excidere
906 568 1074 617 neglexi)
1089 596 1098 616 ,
1113 578 1292 618 quantum
1303 572 1475 613 memini,
1490 577 1648 615 quatuor
1658 576 1721 604 aut
1736 571 1900 616 quinque

296 639 378 670 satis
397 632 539 677 longae.

462 746 726 790 FALCO
781 743 1096 788 MILVUS
1147 742 1407 787 NIGER
1450 739 1732 784 MINOR.

342 860 534 895 DivEnsus
545 871 564 894 a
579 857 811 892 Buffoniano.
829 855 1109 904 (Buffonianum
1124 865 1203 888 non
1216 857 1285 887 nisi
1299 853 1481 897 juniorem
1492 850 1694 885 buteonem
1705 860 1782 883 esse
1794 876 1802 893 ,
1816 858 1901 884 ante

294 916 495 951 secundam
520 915 729 962 plumarum
743 919 988 949 mutationem
1010 910 1232 946 Bechscem.
1256 907 1524 956 kumgefassce
1544 905 1903 954 Naturgesclciclzce

294 973 364 1017 fiir
383 971 567 1006 Schulen.
602 969 719 1016 1792.)

370 1029 520 1063 Occisus
540 1038 654 1075 prope
673 1026 961 1072 Argentoratum
976 1033 1102 1057 mense
1125 1022 1291 1056 Pratensi
1305 1021 1349 1055 A.
1364 1035 1388 1055 ι.
1413 1019 1467 1067 (d.
1491 1033 1523 1065 7.
1545 1021 1645 1054 Junii
1673 1018 1790 1065 1792.)
1816 1017 1905 1052 dum

297 1084 516 1133 palumbum
544 1083 741 1117 dilaniavit.
778 1082 941 1115 Venator
969 1079 1061 1114 dixit
1090 1077 1248 1114 alterum
1283 1077 1392 1111 simul
1424 1081 1541 1112 visum
1564 1074 1671 1110 fuisse
1702 1079 1905 1118 minorem3

298 1143 357 1177 hic
381 1141 474 1176 adeo
499 1140 633 1175 femina
657 1149 720 1173 est.

370 1197 600 1243 Longicmlo
619 1197 769 1241 jacenti:
787 1193 834 1228 ab
853 1198 957 1240 apice
977 1197 1083 1226 rostri
1101 1190 1149 1226 ad
1169 1200 1375 1225 extremum
1393 1200 1558 1236 unguem

298 1253 1123 1288 mediun1..........
1178 1273 1417 1281 .....
1471 1241 1909 1291 ..1P.5p.6lin.

348 1307 558 1355 Longitudo
583 1306 738 1341 sedentis
761 1303 879 1352 (linea
894 1312 1013 1348 recta,
1038 1301 1200 1349 circiter)
1231 1330 1237 1337 .
1291 1330 1297 1337 .
1350 1311 1357 1336 ζ
1409 1330 1415 1337 .
1467 1330 1474 1337 ,
1525 1328 1534 1336 .
1589 1315 1603 1335 1
1625 1320 1674 1326 —
1698 1320 1786 1343 μ-
1809 1321 1833 1343 u
1859 1319 1908 1325 —

348 1363 560 1410 Longitudo
582 1364 734 1406 jacentis
756 1361 803 1393 ad
825 1370 1026 1393 extremam
1043 1359 1198 1391 caudam
1214 1363 1253 1390 in
1266 1357 1404 1402 angulo
1421 1357 1542 1390 furcae
1592 1371 1604 1390 1
1628 1376 1677 1382 —-
1701 1369 1723 1401 7
1738 1375 1787 1381 -—
1810 1377 1835 1398 ss
1860 1375 1909 1381 —

349 1418 561 1466 Longitudo
582 1416 742 1450 sedentis
765 1415 811 1448 ad
832 1423 1032 1447 extremam
1055 1411 1211 1445 caudam
1238 1438 1539 1445 ......
1596 1424 1609 1445 1
1630 1430 1678 1437 -—
1703 1410 1787 1446 6-
1812 1432 1836 1454 ss
1860 1431 1911 1438 -

350 1474 562 1522 Longitudo
585 1472 665 1506 alae
687 1471 734 1505 ab
754 1469 867 1504 axilla
885 1469 932 1504 ad
955 1478 1156 1503 extremam
1181 1476 1347 1515 quartam
1369 1472 1544 1514 remigem
1597 1481 1611 1502 1
1631 1487 1680 1492 —
1705 1467 1788 1502 5-
1813 1488 1836 1511 st
1861 1487 1910 1494 .-

352 1530 563 1579 Longitudo
584 1528 664 1563 alae
687 1527 733 1562 ab
747 1526 859 1561 axilla
876 1525 923 1560 ad
937 1530 1080 1573 apicem
1095 1529 1234 1572 primae
1248 1529 1394 1571 remigis
1411 1535 1540 1558 secun-

546 1587 667 1621 dariae
703 1608 1418 1621 .............
1472 1609 1478 1615 .
1531 1608 1538 1615 .
1589 1602 1612 1623 ss
1631 1600 1680 1606 ——
1704 1580 1790 1615 8-
1813 1601 1838 1623 lt
1863 1600 1912 1607 —

354 1643 566 1692 Longitndo
587 1642 667 1677 alae
692 1641 739 1675 ab
758 1639 870 1675 axilla
896 1637 945 1672 ad
964 1643 1108 1686 apicem
1131 1636 1366 1685 longissimae
1385 1641 1532 1685 remigis
1595 1651 1608 1672 1
1632 1657 1680 1662 -
1705 1656 1790 1679 ss—
1814 1657 1838 1679 Ν
1863 1657 1912 1663 -

352 1700 592 1750 Amplitudo
616 1709 798 1747 expansae
821 1701 895 1731 avis
944 1724 949 1730 .
1002 1724 1008 1730 .
1062 1724 1068 1730 .
1118 1702 1128 1729 ’.
1180 1723 1187 1730 .
1239 1724 1245 1730 .
1298 1723 1303 1728 .
1359 1723 1364 1729 .
1417 1723 1423 1728 .
1476 1723 1482 1728 ,
1535 1722 1541 1727 .
1592 1699 1614 1735 4
1633 1713 1682 1719 --
1707 1693 1790 1728 5-
1814 1714 1837 1736 tt
1863 1713 1912 1719 .-

353 1758 563 1806 Longiiuclo
583 1761 742 1791 rectricis
763 1759 920 1788 extimae
1001 1780 1007 1786 .
1059 1781 1065 1787 .
1119 1777 1536 1786 ........
1589 1771 1612 1793 ll
1633 1764 1705 1783 -1
1719 1764 1790 1783 1-
1814 1770 1838 1791 ΙΙ
1863 1769 1912 1776 -..

354 1815 564 1863 Longitudo
594 1818 753 1848 rectricis
782 1816 932 1846 intimae
1001 1836 1007 1843 .
1061 1834 1302 1842 .....
1475 1834 1481 1839 .

356 1873 466 1910 Alae
495 1871 738 1919 complicatae
758 1875 796 1904 in
816 1880 893 1903 non
912 1865 1024 1900 farcta
1050 1875 1116 1899 ave
1137 1872 1264 1897 exacte
1294 1866 1438 1909 remigis
1461 1860 1544 1896 lon-

312 1936 476 1980 gissimae
490 1934 592 1976 apice
614 1932 773 1962 rectricis
793 1930 950 1960 extimae
964 1926 1105 1969 apicem
1120 1925 1350 1966 contingunt.

382 1989 553 2023 Mensura
576 1985 678 2033 pedis
695 1986 847 2019 Parisini
869 1984 985 2015 ventri
1004 1981 1170 2025 apposita
1187 2003 1196 2019 ,
1217 1985 1253 2009 et
1280 1974 1374 2022 pede
1398 1983 1477 2009 toto
1501 1972 1548 2007 ad

312 2046 387 2092 ejus
400 2041 670 2090 longitudinem
684 2050 836 2075 extenso
858 2048 951 2084 apex
967 2039 1096 2081 unguis
1109 2032 1220 2067 medii
1234 2036 1408 2079 pertingit
1422 2040 1551 2066 exacte

312 2102 359 2137 ad
382 2100 556 2149 pollicem
576 2107 746 2131 octavum
773 2093 1010 2142 completum.

392 2158 505 2192 Tarsi
525 2154 719 2202 longitudo
744 2152 790 2187 ab
820 2156 998 2186 exteriore
1020 2146 1180 2195 geniculi
1203 2145 1340 2195 angulo
1363 2145 1411 2181 ad
1435 2153 1554 2179 extre-

314 2228 417 2251 mum
441 2224 602 2261 unguem
653 2235 895 2245 .....
949 2234 955 2240 .
1009 2231 1304 2240 ......
1359 2230 1366 2237 .
1419 2230 1425 2235 .
1477 2229 1483 2234 .
1536 2228 1543 2235 .
1593 2218 1683 2243 [1-
1709 2202 1793 2241 4-
1817 2218 1841 2242 μ
1865 2216 1915 2225 -
