2054 2748
866 139 1078 173 A'VES.
1693 146 1769 188 129

239 233 335 267 Eum
358 232 522 279 Friburgi
537 236 575 266 in
588 230 748 279 Brisgoja
767 233 935 278 reperiri,
950 239 1099 277 pectore
1117 227 1225 273 albo,
1248 228 1338 263 mihi
1361 228 1518 262 relatum
1543 238 1593 264 est
1614 230 1682 266 Ao,
1708 235 1768 271 [μω

243 290 390 324 Corvus
406 289 646 337 glandarius
665 288 794 323 iridem
813 285 1125 321 coerulescentem
1144 296 1180 320 et
1199 296 1338 334 praetes
1358 295 1450 320 setas
1471 291 1614 333 capistri
1629 298 1770 321 recumu

168 344 295 380 bentes
315 352 425 380 etiam
444 345 555 380 habet
569 355 771 391 mystacum
792 353 883 378 setas
903 353 1088 390 patentes;
1109 343 1210 391 quod
1230 349 1258 377 si
1277 348 1315 377 in
1333 341 1412 377 aliis
1433 342 1621 390 speciebus
1640 343 1770 390 quibus

168 402 359 437 vividiores
379 413 463 437 sunt
483 402 645 445 colores,
672 412 840 448 quaeque
860 399 1050 446 glandario
1069 406 1182 447 magis
1201 399 1401 445 accedtmt‚
1428 404 1562 448 pariter
1586 410 1768 445 occurrat,

167 457 427 506 distinguendo
456 464 578 507 generi
596 457 689 492 forte
709 456 876 491 adhiberi
893 461 1037 504 poterit.

244 545 392 580 Comus
419 548 601 579 cristatus
626 543 864 579 diversissima
890 556 910 578 a
936 542 1126 590 glandario
1148 549 1287 591 species
1318 548 1431 591 magis
1460 543 1628 578 distincta
1662 554 1773 591 quam

169 607 297 635 cornix
317 615 336 636 a
357 613 494 636 corone
515 611 578 636 aut
605 599 795 648 frugilegO.
825 602 971 645 Minor,
995 599 1185 647 gracilior,
1218 600 1333 634 cauda
1358 610 1532 644 cuneata,
1562 599 1772 635 rectricibus

167 663 269 705 apice
289 657 380 691 albis
395 686 403 701 7
429 657 546 692 Fasciis
571 657 748 692 coeruleis
769 656 976 701 latioribus,
998 656 1252 705 paucioribus,
1279 657 1430 692 maculis
1462 654 1659 703 majoribus
1682 656 1773 691 albis

165 719 201 747 in
227 713 302 748 alis.
332 713 468 748 Colore
491 714 656 749 violaceo
686 714 784 751 dorsi
803 713 889 749 loco
917 719 1059 751 vinacei
1089 719 1152 764 qui
1179 724 1231 750 est
1249 720 1287 749 in
1306 714 1507 762 glandario.
1532 714 1647 750 Pedes
1669 719 1762 761 nigri

166 769 313 805 Collare
329 777 483 818 nigrum.

413 875 748 919 CORVUS
795 875 1532 921 CARYOCATACTES.

250 973 423 1007 losa-num
443 978 616 1006 conicum
636 982 739 1017 teres,
758 986 835 1007 non
850 974 1057 1008 culti-atum.
1076 973 1291 1008 Plumarum
1309 978 1431 1021 apices
1445 972 1530 1008 albi.
1547 972 1776 1019 Uropygium

163 1026 299 1061 album.
315 1027 465 1062 Collum
486 1028 594 1063 breve
613 1042 781 1065 crassum.
808 1031 922 1064 Nares
946 1030 1080 1078 plumis
1096 1039 1223 1065 tectae.
1243 1030 1358 1065 Pedes
1378 1036 1481 1077 nigri.
1500 1030 1685 1064 Tectrices
1709 1027 1777 1063 sub

162 1083 229 1119 alis
252 1084 338 1119 albo
365 1090 577 1132 variegatae.
604 1087 764 1134 Remigis
786 1097 909 1121 sextae
934 1097 970 1122 et
989 1092 1164 1135 septimae
1187 1099 1313 1134 margo
1336 1093 1497 1136 posticus
1522 1085 1668 1121 macula
1692 1084 1776 1121 alba

163 1153 270 1188 supra
297 1140 462 1188 infraque
490 1151 648 1177 notatus.
678 1143 898 1190 Magnitudo
926 1149 1083 1178 turturis.

235 1199 277 1231 In
307 1197 421 1244 digito
447 1205 650 1245 posteriore
681 1206 885 1247 marginem
913 1205 1100 1234 internum
1128 1199 1343 1234 membrana
1370 1198 1605 1233 crassiuscula
1626 1208 1776 1233 auctum

164 1252 327 1288 observo.
349 1257 507 1301 Copiose
532 1255 631 1302 apud
651 1267 718 1290 nos
734 1261 827 1290 visus
844 1257 913 1290 Ao.
946 1256 1044 1302 1769.

532 1357 949 1399 CORACIAS
1001 1357 1404 1400 GARRULA.

237 1457 464 1490 CARAc‘rEm
487 1460 658 1502 generico
679 1461 850 1489 rectrices
869 1465 978 1502 saepe
1003 1453 1092 1487 duas
1113 1452 1343 1501 longissimas
1366 1453 1470 1489 addit
1489 1454 1775 1493 Bomzaterrias

163 1517 202 1547 in
221 1511 430 1559 Encyclop.
462 1511 578 1546 mech.
604 1511 704 1560 quod
723 1511 854 1546 saltem
877 1516 916 1545 in
939 1516 1102 1558 quinque
1130 1510 1309 1558 prioribus
1337 1513 1556 1547 Linnaeanis
1587 1514 1775 1561 speciebus

164 1582 242 1603 non
261 1567 414 1602 obtinet.
435 1567 591 1602 Mallem
613 1580 679 1616 pro
700 1568 909 1603 charactere
933 1566 1058 1614 aliquo
1083 1573 1259 1615 empirico
1283 1568 1377 1603 illud
1405 1582 1587 1604 assumere
1607 1599 1614 1615 ‚
1643 1584 1774 1619 corpus

164 1637 209 1659 ex
227 1623 400 1659 coeruleo
419 1624 588 1669 viridive,
618 1634 654 1660 et
678 1624 778 1659 fulvo
797 1623 937 1660 ssavove
961 1633 1025 1659 aut
1043 1623 1196 1659 rubente
1211 1653 1220 1670 ‚
1247 1625 1307 1661 vel
1326 1632 1436 1662 etiam
1455 1627 1620 1675 pluribus
1642 1628 1777 1664 horum

164 1681 335 1717 colorum
357 1693 433 1715 esse
457 1687 605 1716 varium.

236 1740 405 1772 Coracias
431 1737 575 1785 garrula
605 1742 664 1771 vix
691 1746 819 1785 quater
841 1747 904 1772 aut
928 1743 1122 1786 quinquies
1148 1744 1294 1787 triginta
1321 1753 1504 1776 annorum
1535 1747 1652 1791 spatio
1682 1743 1774 1778 mihi

165 1795 311 1830 obviam
331 1791 436 1829 sacta.
453 1794 526 1829 Ao.
544 1795 575 1829 5.
594 1794 738 1841 (1797.)
752 1807 878 1829 mense
892 1794 1082 1830 Messifero
1099 1802 1218 1831 occisa
1232 1803 1269 1831 in
1285 1796 1382 1842 sylva
1399 1800 1644 1846 Hagenoensi.
1658 1801 1728 1835 Ao.
1744 1804 1775 1837 8.

166 1851 311 1899 (1800.)
330 1857 449 1886 occisa
463 1851 692 1886 adRhenum
705 1864 751 1886 m.
774 1851 869 1886 Flor.
880 1853 972 1886 Eam
986 1854 1146 1900 possidet
1157 1865 1269 1901 gener
1279 1864 1400 1890 noster
1410 1857 1638 1893 Hammerus.
1648 1859 1775 1893 Pastor

165 1908 416 1943 schroederus
435 1914 472 1943 in
496 1907 761 1943 Schillersdorf
770 1908 972 1957 aliquando
988 1919 1058 1944 tres
1074 1909 1196 1958 pullos
1215 1924 1299 1945 cum
1320 1922 1470 1960 parente
1491 1913 1583 1950 aluit
1605 1928 1713 1951 carne
1737 1924 1773 1949 et

164 1965 364 2012 vermibus,
384 1975 510 2014 captos
524 1971 563 2000 in
578 1966 666 2002 nido
687 1971 750 2014 qui
768 1971 807 2000 in
825 1978 915 2001 cavo
931 1965 1069 2001 arboris
1087 1979 1188 2002 ramo
1210 1966 1326 2004 fuerat
1345 1975 1493 2017 positus.

588 2068 1006 2114 CORACIAS
1053 2071 1358 2117 INDICA.

238 2168 402 2202 Nomina
426 2168 482 2203 Le
506 2168 661 2204 Rollier
683 2168 751 2203 des
774 2168 961 2216 Pagodes
981 2168 1071 2203 mihi
1094 2176 1210 2206 missa.

244 2223 420 2267 Collum,
448 2234 586 2271 peccas
600 2236 639 2262 ec
656 2227 762 2262 dorsi
782 2228 922 2262 anciccz
945 2225 1159 2272 (testacea,
1188 2227 1296 2275 Lim.)
1320 2228 1684 2265 violaceom‘smcea
1698 2242 1771 2278 po-

1447 2285 1480 2318 R
