2054 2748
867 157 1080 187 Avus.
1688 164 1765 206 157

395 240 755 284 CERTHIA
796 238 1317 283 CITRINELLA.
1376 241 1538 285 Nobis.

239 331 367 378 Supra
378 331 674 378 fusco-cinerea
687 359 696 372 ,
717 330 852 366 subcus
871 332 1024 365 clarina.

238 387 295 421 Le
317 388 571 435 Sonimanga
597 387 786 422 Pouilloc.
823 388 875 421 Ita
903 398 1018 431 voco,
1044 392 1127 434 quia
1156 389 1367 424 motacillae
1394 388 1552 425 trochilo
1580 398 1765 438 utcunque

167 442 292 477 colore
316 443 466 478 accedit.

237 500 484 547 Magnitudo
499 499 627 534 eadem
643 510 735 546 quae
754 498 1014 546 praecedentis.

236 558 432 591 Reccrices
452 562 594 603 nigrae,
618 560 754 589 extima
777 560 880 602 apice
903 554 995 589 alba.

236 615 294 648 Ex
315 612 588 660 Tranquebaria
608 617 735 657 missa,
761 623 846 646 cum
865 611 1118 659 praecedente.

484 714 851 758 CERTHIA
896 715 1212 758 NITENS.
1273 716 1435 760 Nobis.

240 813 343 846 Tota
362 810 766 857 clzalybeo-violacea
790 812 921 848 nitida
934 841 946 855 ,
972 813 1048 847 ctlc's
1068 814 1200 860 nigris.

233 867 482 914 Illczgm'czcdo
500 868 809 915 praecedentium.

235 924 427 958 Reccdces
446 929 556 958 etiam
574 930 677 972 apice
696 930 830 971 nigrae.

232 981 287 1013 Ex
302 979 574 1027 Tranquebaria
594 986 702 1015 missa
717 993 800 1015 cum
816 980 1128 1028 praecedentibus.

231 1107 369 1141 Mirum
393 1118 506 1154 quum
524 1106 633 1154 vulgo
657 1107 759 1141 Galli
781 1107 1006 1154 distinguant
1027 1106 1206 1142 trochilos
1226 1112 1264 1141 in
1279 1105 1437 1142 colibris
1460 1116 1577 1143 rostro
1601 1112 1764 1153 incurv0,

159 1171 195 1196 et
217 1164 382 1196 oiseaux
407 1162 616 1205 mouches,
646 1173 762 1197 rostro
784 1173 905 1206 rect03
930 1175 1004 1197 uno
1025 1175 1157 1210 genere
1183 1173 1305 1198 tamen
1328 1163 1475 1198 trochili
1499 1164 1765 1212 comprehendi

158 1230 284 1254 omnes
314 1223 351 1252 in
374 1218 585 1265 Encyclop.
612 1219 781 1253 me’dcod.
814 1220 910 1253 Tum
939 1229 975 1253 et
1006 1219 1098 1253 illud
1125 1219 1255 1253 falsum
1288 1219 1388 1265 quod
1413 1229 1570 1253 rostrum
1595 1220 1764 1254 omnibus

158 1286 307 1309 curvum
321 1301 328 1319 ,
340 1283 376 1309 et
392 1274 540 1322 quidem
553 1286 761 1318 recurvum,
777 1274 862 1308 loco
876 1279 1034 1317 incurvi,
1054 1273 1171 1308 faciat.
1190 1275 1307 1309 Tacet
1323 1280 1433 1309 etiam
1447 1274 1493 1309 de
1508 1274 1661 1322 pedibus
1682 1275 1763 1309 bre-

157 1335 325 1374 vissimis,
353 1343 426 1377 quo
456 1340 580 1364 tamen
607 1330 687 1364 solo
717 1331 925 1365 charactere
956 1330 1189 1375 distinguitur
1215 1343 1235 1364 a
1263 1330 1387 1364 multis
1415 1330 1561 1365 certhiis
1588 1331 1765 1365 trochilo-

157 1398 237 1421 rum
255 1385 370 1420 modo
390 1385 609 1433 splendidis,
629 1384 778 1432 quando
799 1384 964 1430 linguam
983 1395 1196 1430 comparare
1215 1395 1293 1417 non
1312 1383 1427 1419 datur.

660 1486 866 1530 ANAS
913 1485 1256 1529 CYGNUS.

231 1589 338 1621 CERA
355 1585 455 1621 flava.
488 1585 606 1620 Ferus.
633 1584 744 1619 Collo
769 1593 892 1619 erecto
919 1593 1074 1627 natam,
1096 1594 1198 1618 meus
1218 1593 1343 1619 tamen
1362 1583 1505 1619 collum
1525 1596 1628 1620 more
1649 1586 1764 1623 oloris
1804 1628 1809 1632 ¹

156 1642 336 1680 flectebat.
364 1643 434 1677 Ao.
459 1643 556 1689 1789.
576 1647 680 1676 initio
701 1640 921 1676 Decembris
939 1640 1013 1676 vidi
1037 1641 1220 1686 juniorem
1233 1667 1242 1685 ,
1265 1641 1519 1689 magnitudine
1538 1649 1672 1677 anseris
1688 1643 1763 1679 feri.

157 1699 307 1735 Collum
332 1710 435 1732 more
456 1704 561 1745 cygni
583 1697 734 1745 (oloris)
757 1697 940 1744 gestabat,
961 1696 1152 1745 pallidior,
1177 1706 1275 1732 totus
1304 1698 1452 1733 sordide
1478 1698 1602 1745 albus,
1629 1707 1761 1736 vertice

156 1756 379 1797 lutescente3
405 1763 523 1788 rostro
547 1753 678 1788 latiore
709 1763 744 1787 et
770 1753 936 1801 planiore
951 1781 960 1798 ,
990 1765 1102 1801 quam
1124 1758 1164 1787 in
1187 1765 1313 1789 ansere
1336 1754 1434 1800 fero,
1464 1755 1590 1790 colore
1609 1757 1761 1805 pallido.

155 1813 245 1848 Post
265 1811 461 1846 duodecim
490 1810 584 1854 dies,
611 1822 676 1857 per
707 1822 798 1858 quos
825 1822 974 1844 omnem
998 1809 1121 1844 cibum
1150 1821 1396 1857 recusaverat,
1426 1818 1590 1859 quamvis
1609 1813 1760 1860 biberit,

156 1878 309 1903 mortua.
336 1869 384 1901 Et
403 1879 500 1901 nunc
520 1871 741 1900 exactiorem
760 1871 866 1914 potui
884 1866 1004 1901 facere
1025 1866 1319 1915 descriptionem.

230 1924 344 1958 Color
363 1929 526 1958 cinereus
547 1933 584 1957 et
606 1922 710 1958 albus
734 1922 851 1971 qualis
875 1935 991 1971 cygno
1017 1922 1104 1958 fero.
1132 1924 1163 1956 V
1167 1934 1267 1959 ertex
1290 1923 1487 1960 obscurior.
1515 1926 1630 1960 Frons
1650 1925 1759 1962 lutes-

158 1993 242 2016 cens
265 1989 327 2015 aut
345 1979 441 2014 fulva
457 2007 465 2025 ,
485 1992 564 2014 non
583 1990 724 2023 vertex,
749 1985 798 2015 sic
818 1989 854 2015 et
873 1992 967 2028 apex
993 1979 1200 2028 plumarum
1222 1994 1328 2029 supra
1347 1993 1465 2029 genua
1484 1982 1672 2030 cingulum
1690 1982 1759 2016 ful-

156 2049 241 2072 vum
259 2042 456 2072 constituit.
484 2037 657 2071 Rostrum
675 2042 800 2084 utique
822 2036 1103 2072 diversissimum
1121 2037 1167 2072 ab
1186 2048 1293 2073 anate
1313 2037 1387 2073 fera
1400 2067 1409 2083 ,
1434 2038 1613 2087 pallidum
1626 2067 1634 2083 ,
1657 2044 1758 2086 apice

158 2102 194 2127 et
211 2099 371 2139 margine
392 2099 508 2141 nigro.
537 2092 653 2141 Supra
673 2092 850 2140 angulum
868 2099 940 2128 oris
963 2093 1152 2142 plumulae
1167 2105 1328 2140 setosae,
1356 2094 1495 2141 fulvae,
1519 2108 1627 2130 rarae.
1655 2095 1756 2129 Tarsi

158 2154 368 2193 crassiores,
402 2149 546 2197 palmae
578 2149 772 2198 ampliores
805 2162 916 2198 quam
943 2156 982 2184 in
1014 2163 1139 2186 ansere
1174 2151 1261 2187 fero.
1299 2153 1431 2200 Digito
1460 2157 1658 2200 posteriore
1678 2163 1756 2186 ma-

157 2207 252 2252 jore,
278 2205 342 2240 sed
365 2218 487 2253 ungue
514 2212 666 2242 minore.
704 2206 923 2243 Membrana
949 2206 1087 2254 pedum
1115 2214 1238 2256 nigra,
1266 2208 1392 2245 subtus
1418 2208 1754 2243 albo-marmorata.

1438 2263 1464 2298 S
