2054 2748
281 122 359 166 160
622 135 1111 168 osssERvAr10N1-:s
1154 136 1531 167 ZOOLOGICAE.

273 219 418 256 cellulis
437 220 568 269 amplis
592 226 814 270 composita,
841 231 987 268 asperae
1004 225 1156 255 arteriae
1178 225 1315 254 circum
1330 219 1393 255 illa
1413 220 1530 255 flexae
1550 231 1729 267 connata,
1755 228 1885 270 parieti

274 282 387 312 sterni
412 290 490 312 non
514 283 582 313 nisi
609 290 764 327 superne
787 288 978 322 connexa,
1005 275 1146 312 inferne
1165 287 1289 312 autem
1310 275 1444 323 libera,
1472 287 1509 313 et
1524 283 1563 312 in
1580 284 1728 326 propria
1749 278 1884 315 lamina

272 346 376 371 ossea
391 335 540 371 inclusa.

345 393 501 442 Aspera
524 394 670 428 arteria
693 401 855 426 ster-num
879 390 927 426 ad
948 396 1068 440 ipsum
1089 390 1267 439 angulum
1288 389 1410 425 furcae
1432 396 1572 426 intrans
1594 390 1702 437 hujus
1723 397 1883 427 carinam

272 450 443 486 obtusam
462 456 557 485 intus
577 449 685 495 legit,
711 447 842 496 illique
869 458 968 483 arcte
994 460 1164 483 connexa
1187 457 1239 483 est
1254 475 1263 492 ,
1289 457 1329 482 ut
1347 446 1482 482 nullibi
1503 452 1548 482 sit
1572 447 1742 493 mobilis,
1768 460 1883 496 usque

272 513 312 543 in
334 507 502 542 infimum
522 511 663 554 apicem
685 511 807 540 sterni.
834 505 925 541 Inde
950 505 1117 540 ascendit
1138 515 1247 540 acuto
1275 504 1435 552 angulo,
1463 510 1779 552 posterioremque
1804 505 1884 553 pla-

271 576 358 599 nam
379 564 507 599 faciem
526 568 638 597 sterni
660 561 772 610 legit,
799 568 848 598 ita
874 573 915 598 ut
934 562 1031 597 hanc
1053 567 1251 597 introrsum
1275 570 1435 609 premat,
1464 571 1501 595 et
1532 560 1679 609 pollicis
1703 560 1750 595 ab
1779 567 1883 609 apice

270 629 381 658 sterni
401 622 570 656 distantia
599 625 841 655 eminentiam
863 619 1033 655 obtusam
1055 617 1367 667 longitudinalem
1387 617 1520 652 formet
1535 644 1544 662 ,
1571 630 1665 664 quae
1685 622 1819 652 sensim
1837 617 1885 653 ad

270 679 433 715 medium
453 689 568 725 usque
587 682 665 711 viae
688 676 903 725 deprimitur
919 704 928 720 ,
955 687 1033 711 tum
1052 688 1172 710 rursus
1196 674 1393 724 ampliatur
1410 680 1449 709 in
1469 686 1622 708 omnem
1643 686 1789 709 sensum
1802 702 1811 719 ,
1837 674 1885 710 ad

271 746 454 771 summum
472 733 606 768 lacuna
623 739 696 768 sive
714 732 819 768 fovea
836 733 883 767 ad
899 742 1096 781 utrumque
1117 731 1213 768 latus
1231 738 1414 780 impressa.
1441 731 1542 765 Tum
1559 730 1708 765 trachea
1723 737 1762 765 in
1776 737 1884 766 cassi·

272 792 468 841 diformem
491 802 639 838 capsam
654 790 844 824 descendit
857 817 865 833 ,
886 790 963 835 ejus
982 790 1293 824 semicircularem
1310 789 1491 823 ambitum
1509 787 1599 834 legit
1613 814 1622 831 ,
1651 797 1688 822 et
1705 787 1768 822 ubi
1785 793 1885 823 venit

271 862 291 884 e
310 855 457 896 regione
479 847 605 894 anguli
629 846 766 890 furcae,
786 857 983 882 retrorsum
998 845 1155 881 flectitur
1169 844 1320 892 oblique
1334 873 1342 889 ,
1370 854 1406 879 et
1425 849 1521 878 inter
1538 842 1653 878 telam
1666 842 1884 879 cellulosam

270 918 366 955 qnae
385 905 546 939 mediam
563 910 674 938 sterni
689 909 883 938 eavitatem
897 913 1074 951 occupat,
1104 913 1260 950 eamque
1277 901 1430 948 longam
1445 899 1614 935 tracheae
1631 909 1773 948 partem
1792 912 1885 948 quae

270 968 484 998 interiorem
510 966 621 995 sterni
647 966 825 1007 parietem
852 959 942 1007 legit
958 988 966 1004 ,
1003 959 1218 1001 descendit;
1258 963 1396 992 circum
1427 956 1644 992 cellulosam
1667 968 1810 991 osseam
1830 956 1885 992 la-

271 1025 393 1054 minae
413 1017 592 1052 inclusam
611 1016 852 1051 substantiam
872 1016 1049 1059 flectitur,
1077 1025 1112 1049 et
1135 1019 1293 1062 spatium
1313 1012 1535 1059 triangulare
1551 1039 1560 1055 ,
1586 1012 1861 1059 longiusculum
1874 1040 1883 1058 ,

271 1082 366 1110 inter
384 1074 488 1108 illam
508 1072 725 1107 cellulosain
747 1078 966 1120 apicemque
985 1077 1099 1106 sterni
1122 1083 1268 1118 prorsus
1286 1081 1444 1104 vacuum
1462 1068 1644 1116 relinquit.
1672 1068 1762 1103 Inde
1784 1074 1880 1103 inter

271 1138 388 1180 ipsam
408 1131 502 1164 hanc
523 1128 741 1163 cellulosam
761 1137 798 1163 et
816 1138 958 1176 partem
976 1127 1144 1162 tracheae
1166 1137 1260 1173 quae
1279 1130 1440 1159 carinam
1459 1130 1571 1159 sterni
1594 1124 1683 1170 legit
1702 1125 1884 1171 ascendit,

269 1195 398 1224 itinere
421 1193 457 1220 in
479 1198 634 1234 superna
658 1195 760 1233 parte
788 1184 881 1219 adeo
908 1193 1102 1231 angustato
1119 1211 1127 1227 ,
1162 1192 1203 1217 ut
1229 1193 1417 1228 emergens
1438 1193 1484 1215 ex
1502 1191 1626 1215 sterno
1652 1180 1820 1227 trachea,
1847 1192 1884 1218 et

270 1251 366 1280 inter
385 1250 594 1278 immersam
607 1247 821 1290 portionem
836 1240 1092 1288 elevatamque
1112 1238 1291 1274 cassidem
1314 1237 1490 1273 conclusa
1507 1237 1556 1272 ad
1575 1237 1669 1272 latus
1688 1248 1886 1285 prematur,

272 1312 391 1349 eoque
411 1299 496 1334 loco
519 1299 612 1333 dnae
637 1297 924 1340 descendentes,
950 1309 1025 1332 una
1053 1295 1283 1331 adscendens
1312 1294 1483 1330 tracheae
1504 1299 1693 1342 portiones
1717 1301 1887 1342 proxime

271 1357 339 1393 sibi
358 1356 502 1390 locatae
525 1361 619 1398 sint,
647 1365 683 1389 et
708 1360 778 1388 nisi
803 1353 940 1388 lamina
962 1365 1091 1400 capsae
1118 1362 1232 1395 esset,
1260 1364 1337 1386 sese
1357 1363 1486 1385 omnes
1511 1356 1780 1398 contingerent.
1814 1353 1885 1387 Hic

273 1423 461 1459 emergens
483 1409 630 1444 trachea
651 1420 770 1443 rursus
793 1408 907 1442 libera
931 1407 992 1449 fit,
1020 1416 1056 1440 et
1078 1412 1216 1440 circum
1238 1418 1403 1454 capsam,
1435 1406 1615 1454 ampliore
1636 1417 1758 1441 tamen
1781 1412 1861 1442 sinu
1875 1435 1885 1453 ,

272 1470 366 1506 flexa
381 1474 418 1502 in
439 1471 633 1502 cavitatem
647 1469 806 1513 pectoris
825 1463 1096 1511 pulmonesque
1118 1461 1350 1508 demergitur.

345 1513 446 1560 Haec
465 1529 590 1558 omnia
605 1534 668 1570 per
687 1519 928 1556 translucidos
948 1524 1060 1553 sterni
1083 1523 1238 1566 parietes
1250 1527 1441 1565 utcunque
1456 1522 1620 1565 conspici
1635 1528 1806 1565 possunt,
1821 1519 1886 1555 sed

272 1583 385 1630 longe
404 1580 550 1623 melius,
573 1578 697 1614 ablato
718 1577 834 1613 altero
855 1582 991 1625 pariete
1006 1602 1014 1618 ,
1037 1573 1100 1608 ubi
1122 1584 1158 1609 et
1178 1573 1273 1609 illud
1294 1579 1333 1608 in
1356 1583 1598 1621 conspectum
1617 1574 1761 1622 prodit,
1783 1575 1887 1623 quod

273 1638 402 1675 annuli
418 1637 587 1672 tracheae
605 1635 669 1670 ubi
687 1634 778 1670 haec
798 1646 864 1682 per
883 1642 1005 1667 totum
1024 1643 1089 1679 per
1101 1636 1217 1666 sterni
1229 1636 1423 1665 cavitatem
1443 1635 1511 1665 iter
1530 1629 1617 1665 huie
1640 1641 1798 1666 connata
1820 1642 1886 1677 est,

274 1697 422 1732 latiores
441 1700 530 1738 sint,
556 1702 592 1727 et
614 1698 756 1739 integro
773 1689 913 1725 annulo
930 1688 1017 1724 facti
1036 1694 1132 1733 sint,
1158 1700 1238 1723 non
1257 1687 1471 1731 dimidiam,
1499 1696 1535 1722 et
1555 1693 1656 1735 quasi
1676 1699 1740 1735 per
1763 1687 1883 1724 denti-

274 1753 436 1789 culatam
449 1760 610 1786 suturam
625 1778 634 1793 ,
661 1760 762 1783 secus
781 1760 823 1782 ac
842 1752 882 1781 in
901 1744 1045 1780 annulis
1065 1754 1168 1780 extra
1182 1754 1367 1788 sternum,
1394 1749 1488 1778 inter
1507 1756 1545 1778 se
1569 1743 1760 1779 articulati.

345 1809 522 1855 Denique
534 1835 542 1851 ,
569 1805 671 1854 quod
690 1816 800 1839 nemo
817 1808 976 1847 notavit,
1004 1802 1079 1837 duo
1094 1800 1251 1836 musculi
1270 1799 1460 1835 filiformes
1477 1800 1525 1835 ad
1546 1812 1678 1847 corpus
1696 1800 1885 1837 vertebrae

276 1866 376 1915 (non
398 1869 551 1899 memini
582 1861 701 1909 cujus)
725 1871 906 1910 punctum
923 1859 1059 1903 fixum,
1086 1858 1134 1893 ad
1159 1857 1312 1892 liberam
1339 1856 1510 1893 tracheae
1537 1867 1680 1904 partem
1701 1867 1884 1905 punctum

276 1921 413 1958 mobile
428 1919 645 1955 habuerunt.

347 1977 449 2024 Quid
467 1976 535 2011 sibi
557 1975 687 2009 volunt
703 1973 931 2021 cartilagines
955 1981 991 2007 et
1011 1970 1139 2007 tubera
1163 1983 1229 2019 per
1249 1980 1370 2007 totum
1391 1982 1539 2020 asperae
1558 1976 1708 2005 arteriae
1726 1981 1884 2006 tractum

275 2039 485 2084 regnantia,
512 2032 558 2067 de
581 2031 711 2080 quibus
736 2031 900 2079 loquitur
918 2028 1138 2063 Darlucius
1157 2026 1256 2062 Hisc.
1281 2037 1363 2062 nac.
1383 2027 1432 2062 de
1446 2027 1661 2062 Provence.
1678 2028 1709 2061 I.
1733 2040 1770 2074 p.
1786 2027 1884 2073 347?

354 2090 395 2127 V
391 2088 537 2125 ercebra
558 2094 675 2137 prima
694 2094 788 2135 gruis
806 2091 949 2135 spuria,
976 2084 1104 2120 brevis.
1131 2085 1174 2118 In
1192 2083 1301 2119 ardea
1321 2086 1461 2130 majore
1477 2083 1591 2130 duae,
1617 2082 1788 2118 inferiore
1808 2090 1883 2132 epi-

276 2148 380 2198 pliysi
399 2146 545 2180 donata.

352 2204 493 2238 Coscae
515 2212 619 2239 verae
649 2205 729 2249 grui
760 2209 866 2245 octo,
905 2203 1133 2247 compositae
1165 2195 1306 2233 duabus
1328 2195 1512 2246 partibus,
1537 2195 1586 2233 ad
1607 2195 1785 2245 angulum
1810 2196 1884 2232 fere

1744 2264 1885 2290 rectum
