2054 2748
205 166 229 191 [0

563 155 1033 191 OBSERVATmNEs
1078 156 1446 186 ZOOLOGICAE.

685 241 916 286 SIMIA
960 238 1319 283 VIRIDIS'?

275 338 362 372 Hoc
379 341 531 371 nomine
545 335 644 384 apud
660 334 735 370 D.m
746 331 923 374 Riclmrd,
939 330 1222 366 Lunevillanum
1237 359 1246 376 ‚
1272 331 1369 379 1796.
1390 331 1610 380 Magnitudo
1628 332 1708 369 felis
1726 346 1805 370 me-

205 394 345 429 diocris.
373 394 517 428 Dentes
532 393 673 428 laniarii
691 391 825 426 breves.
851 390 966 436 Regio
982 394 1077 424 inter
1091 387 1220 423 oculos
1234 387 1342 423 latior
1359 388 1536 424 diametro
1552 390 1660 425 oculi.
1682 392 1807 427 Facies

203 456 392 500 nigricans
420 451 593 485 Mentum
616 446 886 484 subbarbatum.
912 446 1098 494 Tempora
1124 445 1236 494 paulo
1263 444 1409 493 longius
1442 445 1614 492 barbata,
1646 447 1730 495 pilis
1754 448 1808 483 di-

204 506 444 555 vergentibus.
479 508 603 541 Facies
632 503 906 553 subproducta⁷
936 502 1038 551 quod
1064 501 1270 537 Callitrichi
1294 502 1405 549 Buff.
1428 508 1610 538 convenit.
1644 504 1810 539 Dorsum

203 575 238 600 et
258 564 370 600 latera
398 561 765 606 fusco-subvirentia‚
791 560 856 595 sed
885 572 1121 609 nequaquam
1143 559 1237 595 adeo
1265 571 1422 594 amoene
1443 559 1571 594 viridia
1595 572 1638 594 ac
1661 566 1700 594 in
1721 560 1806 606 illa,

204 633 314 669 quam
341 620 426 655 alibi
453 619 535 654 vidi.
564 618 699 654 Subtus
722 623 885 661 cinerea,
912 629 1147 666 nequaquam
1171 616 1266 652 alba.
1293 616 1440 651 Caudae
1464 628 1557 664 apex
1580 616 1718 664 pallide
1740 616 1810 652 fer·

204 683 383 725 rugineus.
410 675 525 710 Pedes
544 680 696 710 extremi
715 680 871 719 cinerei,
897 674 978 723 pilis
999 674 1211 709 nitentibus.

274 736 372 781 Ergo
391 745 412 767 a
432 732 593 767 Sabaea
611 733 730 767 Limz.
747 742 783 767 et
805 731 1033 766 callitriche
1052 731 1162 778 Buff
1182 731 1320 766 diversa
1336 730 1486 766 videtur.
1514 729 1575 764 Ab
1594 729 1678 774 illa,
1698 741 1809 778 quam

204 790 300 838 apud
327 792 475 825 Bosium
503 802 547 825 ex
572 789 742 825 America
765 789 940 824 reducem
963 788 1059 835 vidi,
1086 797 1123 823 et
1148 788 1249 835 cujus
1269 787 1432 835 perbene
1455 792 1626 832 memini,
1655 792 1807 821 omnino

206 845 332 882 differt.

587 916 816 971 stium
867 926 1181 971 SPHINx.
1240 926 1411 969 LINN.

278 1028 337 1071 Qr
352 1038 401 1060 mi
425 1025 597 1061 nundims
622 1032 764 1062 aestivis
791 1027 890 1073 1738.
916 1025 990 1061 vidi
1005 1053 1014 1071 ⁷
1037 1024 1193 1060 caudam
1217 1022 1346 1058 habuit
1367 1021 1518 1057 dimidia
1539 1025 1701 1070 corporis
1726 1020 1810 1056 lon-

205 1083 387 1130 gitudine,
409 1092 444 1117 ct
462 1081 534 1117 fere
559 1082 652 1130 plus.
679 1084 779 1118 Mitis
805 1087 889 1117 satis
914 1082 1115 1117 videbatur.
1144 1080 1270 1115 Gauda
1288 1092 1365 1114 non
1386 1089 1527 1124 erecta,
1552 1079 1617 1114 sed
1638 1078 1809 1127 pendula.

204 1138 355 1173 Collum
373 1152 450 1174 non
471 1138 636 1187 longum.
662 1139 809 1175 Tubera
834 1145 975 1174 natium
1000 1144 1039 1174 in
1061 1144 1262 1173 immanem
1285 1136 1481 1172 rubentem
1502 1148 1647 1170 saccum
1670 1135 1811 1180 inflata,

204 1207 288 1229 cum
310 1206 431 1245 scroto
456 1201 590 1244 pariter
608 1196 785 1244 amphato
806 1202 1043 1240 continuum,
1065 1205 1106 1231 ut
1124 1201 1253 1243 ingens
1273 1193 1366 1228 mihi
1384 1194 1511 1228 hernia
1531 1199 1604 1228 visa
1627 1199 1690 1236 sit3
1717 1205 1812 1241 quae

201 1261 398 1285 mereretur
417 1251 463 1286 ab
489 1253 711 1287 Anatomico
736 1258 955 1295 examinari;
985 1263 1025 1287 ut
1050 1258 1089 1286 in
1112 1252 1223 1297 Buff.
1244 1250 1378 1297 Suppl.
1398 1251 1492 1285 Vll.
1512 1249 1590 1284 cab.
1618 1263 1649 1296 7.
1685 1249 1812 1283 Credi-

203 1306 318 1341 derim
338 1305 411 1339 fere
431 1305 497 1340 hos
513 1315 674 1341 tumores
693 1307 918 1355 rubrumque
939 1306 1106 1342 colorem
1125 1306 1171 1341 ab
1191 1315 1312 1341 oestro
1332 1317 1488 1342 venereo
1508 1305 1681 1353 pendere.
1707 1305 1812 1341 Conf.

203 1363 313 1410 Buff:
334 1362 467 1408 Suppl.
485 1362 579 1396 PYI.
597 1375 635 1408 p.
655 1363 708 1395 56.

499 1454 732 1498 SIMIA
782 1450 1302 1495 SPHINGIOLA.
1363 1449 1527 1494 Nobis.

277 1549 400 1595 QUEM
420 1547 461 1583 A.
491 1549 589 1595 1789.
610 1548 783 1582 Januario
805 1554 992 1580 mortuum
1010 1550 1082 1579 emi
1105 1554 1141 1579 et
1160 1543 1293 1579 fartum
1315 1543 1486 1592 possideo
1503 1544 1636 1592 Papio
1658 1548 1811 1590 minor,

204 1607 305 1642 fusco
326 1612 504 1641 virescens
526 1613 598 1649 est,
628 1602 743 1638 cauda
764 1601 971 1650 bipollicari
991 1614 1148 1650 superne
1168 1611 1312 1637 tantum
1344 1600 1479 1649 pilosa,
1511 1602 1656 1636 auribus
1680 1603 1807 1638 distin-

207 1669 390 1708 ctissimis,
415 1662 498 1711 pilis
524 1667 562 1696 in
592 1666 724 1697 vertice
746 1665 784 1694 in
808 1669 969 1694 suturam
993 1669 1029 1694 et
1050 1658 1266 1694 fasciculum
1290 1664 1341 1693 uti
1358 1664 1397 1692 in
1421 1657 1564 1706 Aygula
1584 1660 1811 1696 coeuntibus.

206 1724 248 1757 In
270 1726 372 1769 genis
390 1720 512 1755 medio
539 1719 624 1753 loco
648 1723 743 1752 inter
768 1729 871 1752 aures
895 1726 1018 1751 sutura
1041 1715 1202 1764 pilorum
1219 1727 1340 1751 versus
1363 1720 1547 1763 superiora
1569 1727 1756 1752 versorum
1775 1728 1812 1753 et

206 1791 226 1814 a
246 1784 346 1826 genis
365 1787 562 1813 retrorsum
580 1789 600 1810 a
626 1773 849 1824 temporibus
873 1784 1082 1809 antrorsum
1101 1777 1414 1820 convergentium.
1442 1774 1573 1807 Canini
1592 1772 1811 1810 validissimi.

206 1848 1806 1861 ——m——ffl—fflmffl———m

209 1889 248 1919 de
263 1900 373 1929 repes,
397 1888 540 1928 lorsqu'il
561 1887 640 1917 &tait
655 1887 798 1925 attach&
819 1886 898 1915 mais
917 1885 1079 1925 lorsqu'on
1102 1885 1130 1913 le
1154 1883 1290 1920 Hicin-iit,
1314 1894 1356 1912 on
1377 1893 1415 1912 en
1436 1882 1544 1912 faisait
1565 1892 1602 1912 ce
1625 1884 1720 1922 qu'on
1734 1894 1812 1914 vou-

208 1937 266 1967 lait
277 1961 284 1974 ‚
305 1945 337 1967 et
358 1937 381 1966 il
398 1947 429 1966 se
445 1936 565 1966 laissait
581 1936 717 1975 prendre
737 1935 942 1971 facile1nem;
958 1944 1000 1963 on
1014 1932 1147 1973 pouvait
1162 1933 1266 1962 meme
1285 1931 1330 1961 lui
1344 1938 1496 1962 remettre
1510 1941 1557 1961 ses
1573 1931 1711 1964 chaines.

267 1988 319 2016 Au
334 1994 415 2016 reste
430 1985 570 2015 l'aniinal
585 1996 601 2014 a
618 1984 743 2015 montre'z
766 1990 1004 2014 constamment
1025 1993 1066 2012 un
1084 1981 1185 2021 esprit
1203 1992 1271 2011 rare
1288 1988 1319 2010 et
1339 1980 1505 2020 beaucoup
1528 1980 1567 2010 de
1587 1980 1732 2010 docilite.

267 2035 295 2066 Il
321 2035 398 2065 etait
422 2034 548 2064 attach&
570 2034 640 2073 pres
664 2034 703 2063 de
723 2033 752 2063 13
775 2040 884 2072 porte,
908 2032 1071 2071 lorsqu'un
1092 2041 1161 2071 gros
1179 2030 1275 2060 chien
1302 2038 1390 2059 entra
1415 2029 1623 2060 subitement.
1654 2029 1810 2059 L'animal

210 2084 315 2114 recula
332 2084 371 2113 de
386 2085 515 2121 frayeur
530 2090 560 2111 et
572 2083 675 2112 donna
692 2083 730 2112 de
748 2082 776 2111 la
791 2091 891 2121 queue
912 2091 955 2110 un
971 2090 1054 2119 coup
1073 2080 1111 2109 de
1126 2082 1214 2109 fouet
1234 2079 1260 2108 si
1276 2080 1340 2109 fort
1356 2086 1468 2108 contre
1484 2078 1512 2107 13
1526 2078 1632 2117 pierre
1651 2078 1692 2107 du
1710 2079 1812 2117 poele,

211 2143 271 2171 que
297 2133 326 2162 13
349 2132 461 2161 ωοίῑίἑ
482 2131 521 2160 de
545 2131 573 2160 13
593 2141 694 2170 queue
718 2139 829 2168 sauta;
852 2129 869 2159 a
890 2129 982 2168 peine
1005 2129 1034 2158 le
1055 2128 1242 2168 pouvait-on
1264 2127 1384 2157 retenir
1408 2126 1425 2156 ὲ
1453 2137 1583 2166 manger
1604 2136 1639 2155 ce
1662 2136 1811 2156 niorceau

213 2180 329 2210 abattu.
353 2180 381 2211 11
401 2188 530 2210 mourut
549 2189 610 2218 peu
631 2179 670 2208 de
692 2186 772 2208 tems
795 2178 886 2218 apres
906 2189 963 2217 par
985 2177 1014 2207 13
1037 2177 1118 2207 suite
1135 2177 1174 2206 de
1196 2177 1224 2206 13
1244 2176 1328 2216 plaie
1348 2174 1365 2206 ὲ
1379 2177 1408 2206 13
1424 2185 1543 2215 queue,
1568 2174 1645 2214 qu'il
1662 2175 1749 2205 avait
1765 2185 1812 2204 re-

213 2229 364 2260 nouvele'ae
383 2240 442 2270 par
461 2239 503 2259 un
524 2238 668 2261 nouveau
685 2237 768 2269 coup
784 2228 822 2258 de
837 2228 925 2258 fouet
939 2234 1049 2258 contre
1062 2226 1092 2256 13
1106 2226 1211 2266 pierre
1229 2225 1272 2255 du
1286 2225 1392 2265 poele,
1408 2225 1487 2254 dans
1504 2233 1565 2253 une
1581 2223 1684 2253 colere
1699 2230 1812 2253 contre
