2054 2748
721 135 1170 165 AMPHIBIA.
1392 155 1395 159 ,
1660 132 1743 184 249

206 220 298 256 Bufo
315 220 372 257 vel
386 232 473 255 rana
488 219 726 255 scorodosma
745 232 821 253 non
840 219 933 254 adeo
954 233 1031 255 rara
1050 219 1148 268 apud
1167 231 1234 254 nos
1254 228 1308 253 est.
1323 247 1331 263 ,
1347 232 1389 254 ac
1411 219 1648 258 credideram.
1676 225 1742 259 Est

132 284 210 312 sine
231 277 343 312 dubio
360 277 489 312 eadem
505 289 597 325 quae
611 290 670 311 me
686 288 838 325 puerum
854 282 989 311 terruit.
1007 276 1179 311 Solebam
1194 290 1240 311 ex
1254 276 1370 311 rivulo
1389 283 1451 325 qui
1469 281 1741 316 nosodocliium

132 340 288 369 civicum
310 333 554 381 praeterfluit,
587 334 688 368 humi
713 332 960 382 procumbens
985 339 1022 367 iu
1048 334 1156 368 litore
1185 340 1335 381 exiguos
1364 344 1604 381 gasterosteos
1627 350 1741 375 manu

131 395 290 425 immissa
320 400 474 438 captare.
504 390 718 438 Aliquando
745 389 832 425 bufo
852 395 1020 424 immanis
1040 391 1302 438 magnitudinis
1329 390 1421 426 mihi
1444 397 1537 427 visus
1560 406 1605 427 ex
1624 394 1738 430 fundo

80 464 85 467 ·
131 453 300 492 emersit,
323 453 448 482 nescio
466 452 516 481 an
537 460 640 491 casu,
666 460 713 482 an
733 446 835 495 quod
853 459 960 494 aegre
989 446 1094 481 ferret
1115 460 1177 482 sua
1203 452 1353 496 imperia
1373 448 1505 495 dividi,
1530 459 1566 485 et
1589 463 1738 500 usurpa-

130 513 250 539 torem
273 503 385 539 vellet
410 503 564 551 abigere.
592 503 732 538 Saltem
755 503 801 538 ab
821 515 865 537 eo
887 514 1053 551 tempore
1076 517 1153 538 non
1174 504 1264 539 redii
1283 511 1471 552 piscatum.
1492 506 1499 511 '⁴

178 561 247 595 Ao.
275 562 370 607 ¹795·
397 560 518 594 medio
531 559 630 595 Julio
649 560 739 607 (Ao.
760 559 811 605 3)
832 560 906 595 duo
920 559 1122 595 asseruntur
1135 560 1241 607 hujus
1254 568 1386 609 speciei
1406 575 1451 597 ex
1471 572 1563 599 terra
1577 571 1738 601 extracti.

129 619 267 652 Immisi
289 623 361 652 vasi
380 627 471 651 terra
493 616 618 664 plenO.
648 616 779 652 Statim
796 629 833 651 se
852 617 918 652 sub
942 627 1037 652 terra
1060 629 1229 665 mergunt
1252 619 1453 666 retrogradi
1471 621 1517 655 de
1532 633 1645 657 more.
1666 623 1740 657 Ne-

129 687 201 723 que
221 674 376 721 amplius
395 686 569 722 apparere
595 673 713 709 video.
740 675 885 709 Tamen
905 687 1084 723 campana
1105 681 1217 710 vitrea
1238 682 1483 724 superposita,
1502 691 1613 726 quam
1631 691 1739 714 mun-

128 731 312 766 dissimam
329 743 549 776 curaveram,
568 737 665 766 intus
684 731 730 766 ad
743 731 937 780 semipedis
958 731 1193 767 altitudinem
1206 761 1214 777 ,
1228 743 1311 780 post
1328 733 1416 769 duas
1432 733 1505 769 sere
1519 741 1740 784 septimanas

128 797 369 835 conspui-cata
389 787 609 835 apparebat3
630 788 728 823 uncle
748 799 862 823 noctu
885 801 1043 836 egressos
1063 798 1099 823 et
1117 789 1164 824 ad
1188 796 1342 837 parietes
1360 791 1578 826 adscensum
1598 793 1740 841 fugam-

127 857 199 893 que
219 845 370 879 molitos
392 857 468 879 esse
484 845 621 891 judico.
649 848 812 894 Imposui
833 851 976 881 oniscos
991 874 999 889 ,
1021 852 1084 894 qui
1106 856 1229 881 autem
1258 847 1433 895 postridie.
1454 861 1530 882 non
1551 861 1652 885 erant
1676 852 1739 886 de-

127 907 253 936 vorati.
281 901 400 936 Video
425 912 509 950 post
532 903 812 950 quatuordecim
840 902 916 937 fere
945 903 1022 937 dies
1049 916 1164 938 unum
1190 904 1341 938 illorum
1368 904 1548 940 foramine
1577 907 1674 942 sacto
1700 923 1739 945 os

126 969 229 993 extra
248 958 478 1007 superficiem
497 969 611 994 terrae
633 960 826 1005 extulisse,
851 966 951 995 etsie
973 970 1086 995 noctu
1106 966 1339 1007 apertissimis
1360 961 1475 995 oculis
1494 962 1659 1008 vigilasse
1674 966 1739 1002 ob-

123 1021 270 1050 servavi.
299 1017 340 1048 ln
364 1024 419 1048 sat
448 1019 637 1061 ingentem
660 1015 895 1050 altitudinem
923 1021 1042 1051 enisos
1072 1028 1148 1051 esse
1171 1026 1234 1051 aut
1259 1017 1434 1052 exsiliisse
1460 1029 1626 1066 oportet,
1654 1027 1740 1070 quia

124 1077 234 1107 etiam
255 1070 303 1104 ad
321 1070 557 1105 altitudinem
574 1072 656 1117 plus
676 1085 787 1118 quam
803 1073 1068 1118 semipedalem
1090 1083 1333 1118 conspurcata
1348 1079 1429 1107 vitri
1447 1074 1561 1110 latera
1589 1077 1706 1113 video,

198 1129 347 1174 Aquam
366 1125 539 1170 affundo,
567 1136 603 1160 et
630 1139 774 1174 semper
801 1137 910 1174 caput
935 1137 1036 1161 extra
1057 1128 1287 1175 superficiem
1308 1128 1474 1174 elevant,
1499 1137 1644 1168 oniscos
1667 1140 1738 1169 im-

123 1190 253 1220 missos
273 1194 310 1218 et
330 1183 377 1219 ad
398 1182 554 1218 fundum
581 1182 750 1231 delapsos
780 1196 857 1217 non
882 1194 1059 1219 curantes.
1093 1183 1197 1218 NIhil
1221 1194 1301 1219 toto
1326 1185 1398 1220 hoc
1422 1196 1587 1235 tempore
1614 1190 1738 1227 odoris

125 1243 301 1284 observ03
323 1253 435 1288 quare
460 1253 599 1275 nomen
618 1241 878 1275 scorodosmae
902 1242 976 1286 jam
994 1253 1071 1275 non
1091 1241 1247 1289 amplius
1262 1242 1404 1289 placet,
1430 1254 1465 1279 et
1484 1253 1604 1292 potius
1623 1247 1736 1284 dede-

123 1305 191 1334 rim
212 1309 351 1332 nomen
369 1297 588 1345 phrygiae,
616 1304 700 1345 quia
723 1311 792 1332 acu
816 1305 918 1346 quasi
937 1304 1033 1346 picta
1055 1308 1128 1342 est,
1155 1309 1217 1333 aut
1237 1298 1392 1346 phrygio
1418 1313 1541 1348 opere.

196 1357 238 1390 In
266 1367 347 1389 vase
372 1367 466 1402 aqua
489 1354 603 1401 pleno
631 1355 798 1388 detentus
823 1367 977 1401 corpore
1008 1361 1121 1400 magis
1141 1355 1268 1388 inflato
1294 1367 1370 1389 esse
1394 1356 1488 1391 milii
1506 1359 1670 1406 videtur,
1697 1368 1735 1398 in

122 1410 313 1459 superficie
337 1411 491 1444 haerens
516 1421 730 1457 natansque.
759 1409 877 1444 Saltat
900 1409 973 1443 fere
993 1422 1109 1457 aeque
1131 1409 1273 1457 agiliter
1291 1423 1334 1446 ac
1355 1425 1464 1457 rana,
1484 1415 1586 1460 pedis
1608 1417 1655 1452 ad
1679 1419 1735 1454 di-

123 1473 304 1504 stantiam.
339 1467 565 1514 Respirando
600 1472 734 1500 micare
762 1466 847 1501 facit
881 1467 1030 1501 dorsum
1057 1467 1159 1514 quod
1183 1473 1284 1515 quasi
1313 1481 1377 1516 per
1404 1468 1673 1517 longitudinem
1696 1482 1735 1511 111

123 1531 253 1560 rimam
275 1524 438 1572 aliquam
458 1523 688 1571 deprimitur,
714 1532 819 1557 motu
843 1535 919 1557 non
941 1532 1070 1558 exacte
1093 1523 1326 1571 synchrono,
1349 1526 1414 1561 sed
1434 1529 1658 1579 quandoque
1682 1532 1734 1568 bis

124 1581 275 1616 celerius
294 1594 331 1615 se
351 1585 571 1628 excipiente.

197 1639 284 1672 Fine
302 1637 457 1685 Augusti
478 1638 550 1682 jam
567 1635 700 1672 defossi
715 1649 793 1672 non
810 1636 967 1686 amplius
981 1648 1244 1685 apparuerunt,
1264 1649 1299 1675 et
1319 1646 1482 1689 impositi
1495 1643 1603 1679 simul
1619 1651 1734 1683 onisci

120 1699 303 1730 intentati.
337 1696 381 1728 D.
408 1709 432 1728 1.
450 1695 543 1728 Nov.
570 1707 663 1728 unus
681 1700 849 1742 apparuit
870 1707 1011 1729 summe
1035 1701 1255 1740 emaciatus,
1277 1702 1340 1744 qui
1362 1710 1451 1733 mox
1469 1712 1506 1734 se
1525 1714 1643 1737 rursus
1668 1704 1734 1739 de—

121 1751 226 1786 fodit.
256 1752 407 1785 Postero
431 1760 553 1784 tamen
582 1751 661 1793 die,
694 1761 845 1799 uterque
871 1751 985 1787 adfuit
1009 1757 1048 1787 in
1074 1752 1263 1801 superficie
1286 1755 1440 1791 excolor
1463 1767 1498 1792 et
1523 1766 1732 1797 emaciatus.

121 1808 278 1843 Oniscos
301 1807 483 1842 exhibitos
507 1817 635 1842 neuter
653 1814 780 1855 tetigit.
1676 1809 1681 1811 ”

195 1864 365 1898 Alterum
382 1876 508 1898 eorum
535 1870 639 1912 posui
660 1870 697 1899 iu
719 1877 801 1899 vase
816 1877 908 1913 aqua
930 1865 1064 1914 pleno,
1085 1867 1150 1902 sub
1173 1881 1244 1916 qua
1261 1870 1479 1918 tranquillus
1500 1871 1617 1909 haesit
1633 1885 1730 1910 totus

121 1933 215 1969 aqua
237 1931 363 1955 tvi-tus.
391 1923 479 1956 Post
501 1921 614 1956 horae
630 1927 814 1957 minutum
835 1928 978 1958 circiter
996 1931 1136 1969 exenii,
1159 1936 1193 1961 et
1209 1926 1322 1961 lint-as
1342 1928 1472 1976 quibus
1493 1941 1619 1966 ornata
1642 1931 1730 1967 hace

120 1983 258 2026 speeies
289 1988 362 2022 est,
401 1978 521 2013 nullas
558 1978 745 2014 observavi
765 2007 775 2024 ,
800 1979 1037 2016 solummodo
1071 1982 1118 2017 ad
1151 1983 1296 2020 iliorum
1328 1985 1582 2035 femorumque
1617 1988 1729 2024 latera

119 2045 255 2082 puncta
277 2047 403 2069 crocea
425 2035 624 2071 observavi.
664 2036 770 2071 Alter
793 2037 960 2072 similiter
988 2048 1158 2074 tractatus
1180 2040 1274 2088 pede
1303 2048 1503 2089 posteriore
1532 2045 1729 2092 prehensus

120 2099 360 2127 crocitantem
384 2092 661 2128 lamentabilem
681 2106 813 2129 sonum
834 2099 975 2139 emisit,
996 2100 1033 2128 in
1052 2108 1147 2143 aqua
1168 2104 1326 2142 natavit,
1348 2109 1383 2133 et
1406 2107 1590 2147 superiora
1611 2101 1729 2136 vivide

118 2154 232 2196 petiit.
260 2151 395 2185 Lineae
415 2150 576 2187 dorsales
597 2151 768 2201 phrygiae
787 2151 934 2189 sordide
958 2150 1065 2188 albae
1084 2153 1300 2202 adfuerunt,
1315 2156 1497 2204 simulque
1511 2156 1574 2191 illa
1590 2164 1727 2205 puncta

119 2217 259 2242 crocea.
