2054 2748
290 122 371 178 284
645 131 1121 164 OBSERVATIONES
1170 131 1559 164 ZOOLOGICAF„

287 219 378 254 lium
398 228 622 267 punctorum
641 220 821 264 interjecti
841 226 926 251 sunt
947 230 955 261 ;
980 228 1075 265 quae
1100 215 1270 251 colorum
1294 215 1526 264 distributio,
1550 222 1753 267 capitisque
1778 217 1895 254 forma

289 277 404 325 (quae
420 286 473 312 cst
493 276 586 324 lata)
609 281 647 312 in
665 276 815 311 Sebanis
834 286 912 309 non
930 273 1168 322 respondent.

757 361 1143 405 COLUBER
1188 361 1446 405 SIBON.

358 449 470 484 Mnus
491 447 605 481 cauda
625 443 814 479 mutilatus
829 443 1068 479 solummodo
1089 444 1144 480 50.
1169 443 1340 479 candales
1358 455 1528 492 squamas
1550 442 1678 488 offert;
1703 442 1769 479 sed
1787 456 1895 492 aegre

285 506 507 555 persuadeor
523 504 575 538 55
596 501 763 537 deficere.
790 501 947 536 Sordide
966 500 1092 545 albus;
1113 501 1259 537 annulis
1285 501 1484 536 dimidiatis
1504 500 1707 536 dorsalibus
1729 511 1766 536 et
1783 506 1896 536 inter-

284 570 399 612 ruptis
413 564 617 607 fui-rugineo
629 559 764 594 -fuscis
776 586 785 604 ‚
804 565 901 594 inter
919 571 1012 607 quos
1031 558 1095 593 alii
1114 558 1465 593 cinereo-nebulosi
1484 558 1667 595 breviores
1687 563 1761 593 sive
1776 563 1897 593 minus

284 634 404 655 versus
420 619 606 654 abdomen
630 622 813 665 protensi3
833 622 927 651 inter
947 628 1040 664 quos
1060 615 1193 650 similia
1218 621 1332 664 spatia
1357 615 1453 650 alba.
1481 615 1683 651 Abdomen
1705 615 1873 651 albidum
1887 642 1896 660 ‚

284 683 428 725 punctis
446 681 574 724 sparsis
589 673 845 710 macularibus.
872 675 937 708 Est
950 673 1049 707 idem
1069 684 1155 707 cum
1173 684 1258 707 meo
1278 672 1468 708 nebulato.

769 760 1155 805 COLUBER
1206 794 1414 802 ......

357 845 427 881 268
453 858 520 878 :z
547 844 616 879 218
641 851 688 882 -ιἠ
714 842 770 877 50.

356 901 568 949 Longitudo
591 898 779 948 bipedalis.
808 900 994 934 Crassities
1009 897 1124 946 digiti.
1140 898 1296 943 Fuscus,
1315 897 1516 932 abdomine
1531 896 1618 932 albo
1635 901 1778 942 ,antice
1799 895 1897 931 linea

283 959 427 995 laterali
440 959 523 993 alba
535 985 543 1001 ‚
565 969 658 1004 quae
675 968 773 1003 pone
790 955 919 990 oeulos
933 955 1105 1000 finditur,
1128 968 1201 990 una
1220 968 1326 1002 supra
1339 982 1347 999 ,
1361 954 1476 990 altera
1499 953 1591 990 infra
1611 953 1763 989 oculum
1778 953 1897 989 dueta.

357 1013 461 1050 Nulli
483 1015 783 1048 Linnaeanomin
807 1016 991 1045 convenit.
1019 1012 1049 1044 E
1069 1023 1195 1044 museo
1221 1009 1541 1057 HumphredianO.

569 1103 952 1148 COLUBER
996 1100 1599 1146 LEMNISCATUS.

355 1191 457 1226 Mun
486 1189 556 1236 289
580 1201 648 1222 Ξ
674 1186 742 1222 255
769 1194 815 1223 a*
843 1185 898 1221 36.

744 1266 1129 1311 COLUBER
1174 1265 1443 1309 TYRIA.

357 1355 419 1390 AN
438 1354 499 1388 hie
518 1351 671 1387 coluber
689 1356 779 1396 tyria
800 1355 975 1385 convenit
994 1361 1078 1383 eum
1101 1347 1169 1383 illo
1190 1357 1268 1393 tyro
1282 1375 1291 1393 ,
1312 1347 1358 1382 de
1380 1359 1454 1395 quo
1478 1346 1829 1394 Breydenbachias
1852 1349 1896 1383 itz

280 1411 602 1461 peregrinacione
637 1407 692 1442 czd
721 1406 999 1440 venerandum
1028 1404 1251 1452 sepulcrum
1283 1404 1535 1437 dominicam
1564 1406 1607 1438 ἰη
1634 1403 1893 1440 [herusalem.

283 1472 469 1516 Mogzmc.
498 1465 597 1508 1486.
613 1464 677 1499 sol.
698 1462 760 1497 ubi
775 1461 838 1496 fol.
852 1461 906 1497 36.
921 1474 951 1496 a.
966 1467 1015 1496 ita
1032 1474 1040 1494 :

353 1528 395 1561 In
410 1529 501 1559 mari
514 1531 661 1556 mortuo
679 1520 803 1566 Tyrus
817 1529 964 1566 serpens
984 1521 1186 1559 invenitur,
1198 1513 1298 1549 unde
1314 1519 1438 1550 tiriaca
1459 1514 1663 1550 conficitur.
1692 1517 1758 1552 Est
1771 1527 1896 1553 autem

282 1594 431 1631 serpens
458 1578 522 1614 ille
552 1576 795 1625 longitudinis
823 1574 998 1610 dimidiae
1021 1573 1156 1618 ulnae,
1183 1572 1424 1620 spissitudinis
1450 1584 1536 1607 vero
1565 1572 1768 1608 admodum
1792 1575 1896 1623 digiti

283 1646 409 1683 unius,
430 1638 578 1672 diversis
606 1645 642 1669 et
666 1637 876 1668 commixtis
901 1638 997 1666 inter
1024 1643 1061 1665 se
1080 1629 1268 1665 coloribus
1295 1641 1502 1677 respersus,
1524 1638 1650 1677 estque
1677 1643 1810 1666 coecus
1825 1659 1834 1676 ,
1861 1642 1898 1667 et

282 1709 359 1734 tam
378 1700 491 1730 noxio
509 1692 641 1741 plenus
660 1702 804 1725 veneno
817 1718 825 1734 ,
844 1699 885 1724 ut
903 1687 1010 1723 nullo
1031 1693 1064 1722 ei
1082 1692 1197 1735 possit
1218 1686 1382 1721 remedio
1397 1685 1557 1731 mederi,
1579 1687 1679 1734 quod
1698 1687 1765 1722 illo
1788 1687 1897 1724 fuerit

284 1753 472 1791 infectum.
499 1752 726 1786 provocatur
745 1757 869 1782 autern
887 1757 1037 1795 serpens
1051 1744 1135 1790 ille,
1160 1756 1245 1779 cum
1263 1743 1371 1778 fuerit
1390 1743 1610 1791 capiendus,
1632 1743 1678 1778 ad
1698 1750 1827 1778 miram
1840 1751 1896 1780 in-

286 1812 539 1859 dignationem
569 1805 730 1854 ungulae
758 1806 961 1853 cujuspiam
989 1807 1223 1851 percussione
1239 1829 1248 1846 ‚
1267 1800 1367 1836 unde
1388 1810 1423 1835 et
1444 1810 1553 1849 caput
1571 1801 1647 1845 ejus
1666 1806 1896 1849 intumescit,

288 1868 449 1916 (videtur
469 1864 608 1899 collum
628 1863 806 1910 intelligi,
836 1861 937 1910 quod
959 1859 1106 1895 inflatur
1124 1870 1276 1906 quoque
1296 1863 1334 1892 in
1356 1857 1422 1892 illo
1449 1857 1677 1905 Alpinicmo
1699 1857 1789 1892 laist.
1810 1868 1894 1895 nac.

284 1925 462 1972 Aegypti
482 1920 573 1956 Tab.
592 1921 667 1955 VII.
687 1932 791 1956 more
814 1917 958 1953 colubri
979 1917 1095 1962 najae.
1121 1915 1183 1949 An
1202 1921 1324 1963 potius
1345 1914 1498 1950 coluber
1514 1919 1636 1963 vipera
1658 1916 1698 1949 L.
1722 1914 1897 1964 intelligi-

286 1981 390 2028 tur‘?)
424 1989 460 2014 et
484 1977 620 2021 cauda,
643 1990 688 2011 ex
712 1988 893 2012 concursu
910 1979 1043 2011 veneni
1066 1972 1112 2008 de
1136 1982 1216 2008 toto
1240 1985 1395 2021 corpore
1414 1978 1453 2007 in
1474 1971 1640 2007 membra
1665 1972 1782 2016 dieta,
1801 1985 1896 2020 quae

286 2038 405 2075 subito
426 2048 500 2071 uno
523 2035 701 2070 duntaxat
727 2040 801 2068 ictu
823 2032 891 2068 sibi
918 2040 1179 2080 amputantur,
1208 2029 1376 2077 alioquin
1402 2041 1586 2066 venenum
1611 2038 1818 2063 extractum
1842 2028 1895 2064 nil

286 2095 433 2132 valeret.
460 2094 523 2128 De
544 2091 720 2127 mandato
738 2091 892 2126 Soldani
911 2089 1036 2125 nullus
1054 2089 1172 2134 Tyrus
1190 2086 1263 2122 alio
1283 2086 1368 2121 duci
1389 2097 1528 2135 potest,
1546 2091 1614 2120 nisi
1628 2084 1674 2119 ad
1690 2084 1896 2132 Chayrum,

286 2152 350 2189 ubi
369 2159 523 2201 ipsemet
545 2148 729 2186 soldanus
752 2149 890 2197 (degitz
918 2147 1030 2184 credo
1055 2143 1301 2193 subintelligi)
1327 2143 1390 2179 ubi
1411 2153 1448 2179 et
1468 2141 1605 2181 venalis
1625 2146 1803 2190 reperitur
1822 2143 1896 2188 Ty·

286 2222 346 2245 rus
370 2209 558 2244 duntaxat.

1665 2255 1895 2293 COLUBER
