2054 2748
246 184 296 226 16
600 192 1073 227 osssEnVATIONEs
1118 194 1486 226 ZOOLOGICAE.

239 288 299 317 vix
327 280 510 317 observari
534 286 656 328 potuit
672 309 680 325 ,
718 286 869 315 interior
898 288 1091 314 excavatus
1117 290 1321 315 extrorsum
1349 292 1478 315 versus.
1512 280 1700 315 Laniarios
1726 289 1849 316 tamen

238 351 393 386 magnos
420 339 573 373 observo
598 338 715 372 forma
744 337 916 384 singulari
938 341 1112 371 interiore
1133 365 1141 381 ,
1175 336 1316 385 angulis
1346 336 1676 385 longitudinalibus
1709 343 1848 386 promi-

239 396 431 441 nentibus,
456 395 609 443 aliisque
628 395 675 429 ad
699 394 800 429 basin
820 404 1026 428 extrorsum
1050 393 1200 441 oblique
1224 400 1262 428 in
1282 393 1400 429 altum
1424 393 1706 429 circumvolutis.

313 453 438 488 Gauda
462 452 575 487 nulla.
603 451 675 486 Sed
704 456 794 484 cutis
822 450 869 485 ad
895 463 1045 498 carpum
1075 456 1158 485 tarsi
1182 464 1297 499 usque
1323 451 1543 499 prolongata
1567 461 1605 486 et
1626 457 1849 499 prominens.

239 510 436 546 Auriculae
462 521 592 558 parvae
619 517 654 541 et
677 506 869 555 simplices.
897 508 1040 543 Pedum
1067 514 1293 543 anteriorum
1322 508 1426 555 digiti
1451 509 1524 543 duo
1553 513 1692 556 priores
1714 515 1763 544 ita
1786 521 1851 556 ap-

239 573 436 616 proximati
460 577 498 601 ut
523 571 580 600 vix
604 564 883 611 distinguantur.
911 565 1031 613 Digiti
1051 576 1087 602 et
1106 578 1246 614 ungues
1265 565 1401 614 pedum
1417 571 1664 614 posteriorum
1685 565 1797 601 fortes
1815 575 1852 601 et

239 624 314 659 fere
333 622 628 671 semipollicares.
657 621 674 668 (
690 621 843 656 Transl.
860 621 991 670 Edit.)

545 709 1102 757 VESPERTILIO
1154 712 1539 756 AURITUS.

312 797 433 829 INTER
457 792 586 828 dentes
609 799 808 829 anteriores
830 794 1004 829 maxillae
1023 800 1216 843 superioris
1235 794 1364 830 ambos
1389 805 1444 830 sat
1462 807 1639 843 magnum
1658 804 1712 830 est
1738 799 1849 829 inter-

239 851 385 888 vallum.
415 852 585 885 Exterior
603 851 692 886 dens
720 857 884 900 superior
903 857 1025 887 minor
1051 862 1126 900 est,
1151 857 1303 887 interior
1320 852 1489 900 longior,
1518 852 1786 900 bicuspidatus,
1815 861 1852 885 et

238 921 358 945 versus
379 907 486 942 illurn
510 908 631 943 lateris
654 909 803 944 alterius
822 922 1059 958 convergens.

311 968 427 999 Aures
453 970 490 999 in
522 965 724 1000 directione
751 977 785 1002 et
811 973 1007 1002 situatione
1033 979 1152 1012 torsa,
1186 979 1271 1002 cum
1300 966 1404 1015 plicis
1430 965 1617 1014 parallelis
1646 964 1854 1010 bilineatis,

237 1028 477 1070 margine-que
495 1029 676 1058 anteriore
691 1030 784 1059 auris
810 1024 952 1059 elevato
967 1053 975 1068 ,
999 1038 1071 1059 una
1088 1037 1170 1059 cum
1193 1023 1333 1072 papilla
1348 1035 1411 1058 seu
1430 1034 1578 1059 verruca
1600 1021 1742 1057 inferne
1762 1026 1853 1056 emi-

237 1090 351 1115 nente
371 1080 509 1128 pilosa,
534 1087 725 1129 separatim
747 1087 846 1130 pingi
871 1092 1105 1117 mererentur.

312 1137 428 1185 Supra
449 1137 626 1185 angulum
647 1139 744 1173 oculi
766 1145 978 1174 interiorem
999 1145 1133 1187 pariter
1154 1137 1296 1172 videtur
1314 1149 1462 1172 verruca
1485 1149 1594 1185 parva
1619 1141 1702 1171 setis
1724 1134 1852 1169 obsita.

310 1194 427 1229 Pedes
454 1201 673 1243 posteriores
697 1209 888 1244 nunquam
917 1202 1100 1237 anteriora
1130 1207 1269 1238 versus,
1297 1200 1350 1229 uti
1374 1200 1410 1228 in
1434 1193 1513 1229 aliis
1535 1192 1854 1242 vespertilionibus

238 1251 429 1295 omnibus,
453 1261 489 1286 et
509 1251 636 1299 quales
659 1253 864 1289 secundum
883 1252 1095 1287 Bulfonium
1116 1251 1339 1286 Schreberus
1359 1251 1445 1286 illos
1466 1250 1623 1298 effingit,
1645 1250 1708 1285 sed
1731 1258 1855 1298 poste-

236 1313 331 1342 riora
354 1320 474 1341 versus
498 1307 627 1341 directi
650 1318 744 1343 sunt.

313 1363 519 1397 Considens
538 1364 719 1397 auriculas
740 1370 929 1398 interiores
955 1370 1138 1398 anteriora
1162 1377 1282 1398 versus
1304 1369 1466 1407 porrigit.
1493 1363 1611 1398 Aures
1630 1362 1857 1410 quandoque

238 1419 364 1456 ambas
384 1418 532 1452 reflexas
549 1423 770 1465 corporique
785 1415 988 1464 applicatas
1006 1425 1043 1450 et
1062 1427 1142 1449 osse
1158 1414 1283 1449 lacerti
1299 1414 1440 1449 alarum
1457 1416 1646 1463 adpressas
1661 1444 1669 1460 ,
1685 1418 1856 1464 quando-

240 1489 311 1525 que
327 1487 439 1510 unam
460 1483 602 1508 tantum
626 1473 797 1507 reflexam
810 1501 817 1517 ,
832 1472 985 1506 alteram
1000 1481 1100 1506 recta
1119 1481 1332 1520 protensam
1349 1471 1649 1518 horizontaliter‚
1665 1486 1857 1522 nunquam

239 1543 378 1569 erectas
400 1536 452 1565 uti
476 1536 511 1564 in
532 1530 644 1578 figura
666 1529 906 1574 Buffoniana,
926 1534 1055 1577 reperi.

313 1591 387 1624 Die
413 1589 610 1624 10.Nivose
627 1587 722 1622 Ai.2.
746 1586 872 1634 (1794.
889 1584 1112 1632 Decembri)
1129 1585 1395 1621 thermometro
1416 1585 1462 1621 ad
1476 1596 1646 1634 quartum
1661 1586 1753 1622 infra
1768 1600 1857 1623 con-

239 1647 465 1696 gelationem
493 1644 646 1692 gradum
670 1649 915 1688 consistente,
940 1643 1072 1678 allatus
1096 1643 1187 1677 mihi
1209 1653 1263 1678 est
1288 1643 1509 1692 Vespertilio
1533 1650 1677 1679 auritus,
1706 1645 1856 1680 Vividus

240 1715 317 1740 erat
337 1709 448 1751 inque
468 1701 636 1737 conclavi
652 1700 978 1737 circumvolitabat.
1005 1701 1137 1736 Vivum
1156 1706 1366 1738 conservavi
1380 1706 1419 1735 in
1437 1701 1577 1736 scatula
1595 1701 1643 1736 ad
1659 1699 1855 1737 fenestram

239 1763 456 1811 hypocausti
484 1759 647 1794 interdiu
675 1759 853 1795 calefacti.

314 1819 362 1853 D.
383 1818 432 1852 15.
454 1818 592 1852 Nivose
616 1817 882 1852 thermometro
906 1815 954 1850 ad
978 1814 1165 1851 decimum
1185 1816 1340 1865 gradum
1361 1826 1397 1851 et
1419 1825 1590 1864 quartum
1609 1814 1700 1850 infra
1718 1826 1856 1863 conge·

240 1877 388 1912 lationis
411 1884 591 1923 punctum
617 1887 696 1910 non
728 1880 842 1922 magis
865 1872 1021 1921 rigidum
1045 1879 1162 1921 reperi
1185 1886 1298 1922 quam
1320 1883 1438 1909 antea.

314 1932 441 1979 Affigit
463 1944 501 1966 se
520 1937 558 1966 in
580 1932 718 1967 scatula
738 1931 891 1980 pedibus
913 1930 1187 1979 posterioribus.
1215 1933 1341 1966 Noctu
1370 1930 1477 1966 valde
1501 1935 1736 1979 irrequietus,
1759 1929 1855 1966 mul-

241 2001 394 2037 tumque
414 2001 434 2022 e
456 1994 548 2023 vitro
571 1994 629 2023 cui
651 1994 872 2024 immiseram
893 1987 1017 2034 egredi
1043 1993 1163 2022 enisus
1186 1998 1249 2024 est.
1276 1990 1418 2023 Vocem
1438 1998 1526 2023 tune
1551 1987 1696 2034 lenem,
1725 1997 1856 2023 tonum

243 2054 393 2082 unicum
413 2044 642 2091 sibilantem,
668 2052 781 2081 rarius
801 2056 925 2081 tamen
941 2072 950 2090 ,
974 2044 1105 2080 audivi.

313 2106 355 2139 In
375 2102 454 2137 aliis
473 2102 629 2137 odorem
650 2103 838 2139 observavi
859 2101 1011 2148 fortem,
1032 2108 1070 2137 in
1084 2102 1159 2138 hoc
1172 2102 1361 2139 acidulum
1374 2131 1383 2149 ,
1402 2102 1457 2138 illi
1476 2116 1497 2138 a
1516 2102 1617 2138 libris
1638 2101 1857 2151 quibusdam

246 2161 419 2195 obsoletis
439 2166 672 2208 provenienti
692 2159 925 2208 persimilem.

316 2217 426 2252 Lai-di
445 2227 604 2251 crustam
625 2223 822 2266 proposui,
848 2229 958 2264 quam
987 2230 1065 2252 non
1093 2222 1233 2265 tetigit,
1264 2218 1321 2266 (id
1341 2217 1443 2267 quod
1466 2223 1578 2252 etiam
1601 2222 1738 2253 aestivo
1765 2226 1858 2253 tem-

246 2286 334 2322 pore
354 2287 545 2323 nunquam
562 2273 667 2322 vidi.)
695 2276 1027 2313 Excrementorum
1046 2274 1158 2323 quid,
1184 2274 1332 2313 diversis
1351 2273 1579 2323 temporibus
1602 2280 1743 2322 egessit.

1788 2330 1858 2364 Per
