2054 2748
847 151 876 177 A
909 149 939 178 v
970 151 996 177 E
1028 148 1059 177 s.
1700 150 1771 197 141

176 235 241 270 sed
257 234 382 270 colore
396 233 611 282 pallidiore,
632 231 813 266 minusad
829 231 1038 267 coeruleum
1052 241 1232 280 vergente.
1261 231 1477 268 Membrana
1494 243 1529 269 et
1547 235 1631 271 loco
1643 243 1776 274 articu-

176 291 298 327 lorum
324 289 596 338 nigricantibus.

235 347 320 382 Alia
336 359 457 382 versus
471 345 584 380 finem
599 346 701 380 Febr.
722 355 818 392 1792.
835 355 927 392 quae
942 344 1031 379 mihi
1046 345 1175 380 eadem
1189 345 1341 381 videtur.
1354 346 1466 381 Irides
1481 347 1643 383 eaedem.
1660 352 1778 398 Caput

175 409 290 451 magis
309 413 520 438 castaneum
538 414 652 450 usque
670 407 708 436 in
731 407 953 448 superiorem
977 411 1117 448 partem
1141 402 1246 437 dorsi.
1278 403 1457 438 Fraenum
1480 402 1607 438 album
1633 415 1693 440 aut
1712 420 1777 441 an-

175 459 284 495 nulus
303 461 349 495 ad
370 459 473 494 basin
495 465 600 494 rostri
621 468 683 492 aut
707 463 744 491 in
762 456 883 492 fronte
897 456 1030 491 nullus.
1059 457 1155 492 Gula
1176 459 1269 494 alba.
1285 461 1432 494 Pennae
1451 460 1547 494 dorsi
1563 471 1778 509 punctatae,

177 516 277 552 diseo
305 516 498 562 cujuslibet
522 526 667 562 pennae
691 513 909 548 obscuriore.
937 515 1069 549 Pectus
1100 514 1265 550 albidius.
1301 517 1440 550 Venter
1470 522 1583 564 magis
1611 522 1776 553 sericeus.

177 573 378 620 Speculum
406 585 484 606 non
506 570 729 615 candidum,
756 570 820 605 sed
843 576 1042 605 cinereum.
1069 571 1237 618 Remiges
1262 577 1436 619 primores
1462 578 1571 607 etiam
1594 578 1779 618 cinereae,

176 629 288 677 paulo
312 640 436 663 tamen
458 627 666 672 obscurius,
695 633 797 675 apice
821 626 932 661 fusco.
960 627 1079 674 Digiti
1101 627 1274 675 (cinerei)
1301 627 1525 674 albicantes,
1558 629 1622 664 sed
1649 635 1780 665 articu-

176 684 298 720 lorum
312 684 402 719 nodi
416 693 452 719 et
465 683 680 718 membrana
691 689 920 732 nigricantes.

610 799 819 842 ANAS
872 798 1340 843 MOSCHATA.

248 909 398 943 Tmssz
418 914 554 956 species
574 908 663 942 mihi
682 914 753 943 visa
768 918 804 943 et
825 908 1031 956 tranquilla.
1052 910 1141 943 Non
1155 914 1389 953 tetrinnienS,
1406 908 1468 943 sed
1488 920 1580 943 sono
1600 921 1728 955 raucO,
1748 920 1784 946 et

176 972 278 1013 quasi
300 977 402 999 mero
427 964 619 1018 anhelitu',
646 966 811 1011 projecto
832 974 1038 999 antrorsum
1057 965 1182 1007 coll03
1213 965 1343 1011 (quam
1357 964 1675 1011 gesticulationem
1699 979 1783 1001 cum

178 1034 270 1056 sono
288 1026 482 1068 praecipue
495 1020 611 1055 facere
629 1020 765 1065 solent,
779 1033 892 1068 quum
904 1030 1090 1068 separatae
1105 1019 1332 1068 aliquamdiu
1347 1020 1542 1055 salutando
1562 1034 1680 1056 rursus
1693 1034 1783 1056 con-

175 1078 357 1124 veniunt.)
386 1077 613 1125 Deplumata
634 1083 829 1125 praecipue
849 1076 1045 1112 moschum
1068 1082 1202 1124 spirare
1217 1076 1366 1122 dicitur,
1385 1083 1545 1111 maxime
1566 1077 1633 1112 sub
1655 1078 1741 1121 alis;
1756 1084 1784 1113 si

176 1140 214 1169 in
244 1133 367 1168 cibum
390 1133 520 1168 cedere
550 1133 681 1178 debet,
708 1139 831 1168 statim
857 1143 940 1181 post
967 1143 1125 1167 mortem
1154 1132 1369 1168 evellendae
1396 1139 1585 1178 rectrices,
1618 1140 1656 1168 ni
1689 1134 1783 1169 odor

175 1190 386 1225 moschatus
415 1203 546 1237 corpus
572 1199 763 1237 penetrare
794 1189 969 1224 debuerit.
1003 1191 1135 1236 Neque
1164 1201 1250 1236 ego,
1274 1202 1395 1236 neque
1418 1189 1480 1223 alii
1504 1189 1603 1224 hunc
1630 1189 1785 1224 odorem

176 1246 407 1280 moschatum
422 1252 460 1279 in
477 1245 646 1279 omnibus
667 1251 823 1292 reperire
847 1255 1046 1292 potuerunt
1067 1259 1074 1288 3
1101 1251 1137 1278 in
1161 1245 1238 1278 aliis
1256 1251 1291 1278 in
1320 1245 1427 1278 dorso
1454 1244 1623 1279 distincte
1638 1251 1784 1293 percepi

176 1309 215 1337 iu
236 1314 344 1336 mare.
373 1303 562 1335 Feminam
584 1301 822 1336 incubantem
836 1301 935 1335 hunc
957 1301 1112 1334 odorem
1127 1305 1259 1347 pariter
1274 1312 1440 1347 spargere
1461 1299 1507 1334 ab
1528 1300 1781 1347 ornithophilo

177 1364 312 1404 accepi.
341 1359 383 1390 In
407 1369 472 1391 ave
493 1369 559 1403 pro
586 1356 669 1389 cibo
693 1366 905 1402 praeparata
930 1356 1035 1389 illum
1068 1355 1221 1388 odorem
1248 1355 1393 1398 deesse,
1425 1355 1527 1402 quod
1551 1355 1671 1402 plures
1695 1357 1785 1392 mihi

177 1421 441 1455 asseverarunt,
471 1417 533 1459 qui
552 1423 659 1458 saepe
682 1416 720 1444 in
743 1410 826 1444 cibo
849 1409 1119 1453 adhibuerunt,
1147 1419 1183 1443 et
1208 1404 1404 1444 delicatam
1427 1410 1652 1457 praedicant.

249 1471 354 1505 Duas
377 1468 471 1502 adeo
499 1467 634 1502 similes
654 1472 792 1514 species
813 1466 889 1501 dari
910 1465 1082 1501 nonnulli
1105 1471 1275 1513 suspicati
1294 1476 1398 1511 sunt,
1427 1476 1463 1501 et
1483 1479 1558 1501 esse
1578 1473 1640 1514 qui
1660 1468 1786 1503 distin-

178 1535 291 1573 guant
310 1531 469 1572 speciem
487 1529 606 1558 minus
623 1523 802 1571 papillosa
817 1522 907 1557 facie
923 1533 957 1557 et
972 1528 1047 1556 sine
1068 1522 1204 1567 odore,
1223 1529 1374 1557 nomine
1389 1523 1545 1571 Tolpe13
1564 1533 1673 1571 atque
1689 1523 1784 1560 hanc

178 1582 373 1617 inodoram
396 1580 568 1615 Genevae
586 1585 708 1615 vocari
724 1580 758 1614 le
781 1579 940 1614 Cama-cl
961 1588 1070 1613 muec
1083 1606 1094 1620 ,
1110 1584 1246 1627 accepi.

251 1639 362 1673 Maris
382 1637 541 1685 papillae
557 1636 662 1672 faciei
680 1638 846 1681 majores.
869 1635 1084 1670 Cavendum
1108 1635 1255 1680 hyeme,
1274 1648 1322 1670 ne
1341 1635 1472 1683 frigore
1493 1636 1605 1684 pedes
1628 1637 1784 1672 aduran-

178 1705 245 1731 tur.
265 1693 418 1741 Stupida
441 1700 550 1728 etiam
568 1694 658 1728 mihi
673 1700 756 1728 visa.
785 1692 905 1727 Semel
925 1704 1064 1727 marem
1087 1691 1161 1726 vidi
1176 1697 1274 1726 coire
1288 1692 1401 1737 velle,
1429 1703 1464 1728 et
1483 1703 1677 1728 retrorsum
1702 1700 1785 1730 insi-

180 1752 269 1786 dens
291 1750 466 1784 feminam
493 1755 734 1797 comprimere
766 1754 929 1784 tentavit.
956 1751 1117 1783 incessus
1143 1754 1256 1795 gravis
1285 1758 1321 1783 et
1345 1749 1481 1784 lentior
1508 1749 1594 1784 aliis
1620 1751 1785 1786 Pacifica.

156 1838 161 1842 .
180 1808 264 1843 Vidi
283 1820 396 1855 quum
416 1811 454 1841 in
471 1813 645 1842 societate
664 1806 930 1853 meleagridum
948 1811 1104 1849 viveret,
1132 1810 1274 1852 quoties
1296 1811 1392 1840 inter
1417 1805 1482 1840 has
1506 1812 1581 1841 rixa
1611 1813 1783 1852 oriretur,

180 1863 276 1899 hanc
291 1864 539 1911 adgressorem
559 1869 749 1912 prosequi,
777 1873 812 1897 et
835 1872 1012 1910 quantum
1030 1871 1153 1909 posset
1167 1861 1402 1898 vellicatione
1418 1873 1454 1898 et
1468 1863 1646 1898 morsibus
1668 1870 1783 1912 impe-

181 1920 267 1956 dire.
294 1922 439 1956 Muscas
459 1921 504 1955 de
527 1927 663 1968 pariete
683 1930 829 1968 captare
842 1919 926 1955 vidi.

255 1977 341 2012 Alia
358 1989 468 2025 quam
488 1976 563 2012 alui
587 1977 745 2021 femina,
772 1975 961 2011 videbatur
984 1974 1207 2023 quandoque
1234 1980 1397 2009 animum
1422 1975 1582 2010 exhilare
1607 1975 1722 2019 velle,
1749 1984 1785 2010 et

183 2033 400 2081 evolavitlin
419 2040 518 2082 putei
540 2044 685 2069 tectum.
714 2033 802 2068 Inde
828 2032 882 2067 bis
911 2030 1061 2079 depulsa
1085 2042 1160 2064 non
1184 2031 1339 2079 amplius
1362 2031 1470 2076 fecit,
1497 2032 1560 2066 sed
1579 2031 1722 2066 amabat
1746 2036 1785 2063 in

182 2088 290 2123 horto
310 2096 524 2138 exspatiari,
544 2102 663 2138 neque
678 2090 715 2125 id
731 2090 812 2134 diu,
838 2088 900 2124 sed
921 2098 1003 2136 post
1025 2086 1167 2134 aliquot
1191 2087 1506 2123 deambulationes
1539 2095 1576 2122 in
1597 2093 1670 2128 via,
1699 2098 1784 2119 nam

182 2156 282 2179 areas
292 2157 366 2180 non
379 2152 508 2194 tetigit,
523 2160 643 2195 neque
657 2146 793 2182 helices
805 2156 866 2180 aur
883 2143 1097 2192 millepedes
1107 2150 1229 2179 venari
1243 2145 1444 2189 videbatur,
1459 2145 1574 2179 rediit.
1601 2142 1786 2177 Lubenter

184 2213 332 2237 carnem
344 2215 416 2238 una
437 2215 520 2238 curn
542 2203 614 2239 fele
630 2210 688 2240 cui
701 2203 765 2239 illa
786 2201 1060 2251 proponebatur
1074 2229 1083 2248 ,
1106 2201 1247 2239 edebat.
1264 2202 1350 2238 Vidi
1365 2208 1473 2239 etiam
1487 2200 1656 2248 reliquias
1671 2205 1785 2235 carnis
