2054 2748
270 140 326 197 78
640 145 1108 179 ODSERVATIONES
1156 145 1510 175 ZOOLOGICAE.

281 247 431 271 malum
450 243 594 270 motum
617 245 811 275 exercens,
847 235 950 278 quasi
975 240 1107 265 terram
1134 229 1194 265 vel
1218 241 1363 264 muscos
1388 235 1711 278 super-ingesturus.
1745 229 1878 266 Postea

273 306 422 343 qnoque
453 292 580 327 iisdem
600 290 690 325 locis
710 288 860 337 provide
879 299 948 321 nec
972 292 1110 335 impetu
1134 286 1233 321 facto
1257 292 1441 333 quaesivit.

345 352 397 386 Ut
425 361 560 384 nucem
582 345 846 389 absconderet,
876 343 1030 378 humero
1063 356 1147 378 mco
1172 343 1305 378 insedit
1322 371 1331 389 ,
1360 355 1515 392 eamque
1547 344 1615 379 sub
1640 344 1771 380 collari
1792 355 1877 378 meo

273 412 455 457 reposuit,
476 412 585 441 ctiam
605 410 642 438 in
663 409 737 450 ipsa
763 413 956 446 crumena,
975 400 1038 435 ubi
1055 400 1143 436 alias
1165 413 1339 448 quaerere
1357 400 1521 446 solebat,
1538 411 1601 437 aut
1619 407 1730 436 etiam
1748 407 1786 436 in
1805 400 1882 435 cal-

275 477 340 501 ceo
360 464 426 500 sub
452 462 554 510 pedis
576 460 723 507 planta,
748 458 881 493 eodem
908 457 1023 493 modo
1044 470 1117 506 quo
1145 457 1237 493 alter
1258 457 1322 492 ille
1349 463 1536 506 antiquior
1553 464 1883 503 mansuetissimus,

275 523 321 558 de
344 533 418 570 quo
443 518 542 553 inira.

348 580 485 613 Panem
500 585 690 622 nunquam
709 571 937 608 abscondere
950 572 1024 607 vidi
1038 577 1091 607 uti
1104 571 1189 608 fecit
1205 584 1289 608 cum
1302 571 1457 607 nucibus
1468 599 1477 616 ,
1497 584 1652 620 quarum
1667 572 1756 608 duas
1770 581 1888 607 tresve

276 642 434 685 primum
456 630 711 675 abscondidit,
734 640 813 665 tum
840 642 953 664 unam
979 635 1129 665 voravit.
1155 631 1218 665 De
1239 641 1335 678 pane
1361 639 1541 678 quantum
1564 629 1700 675 voluit,
1728 634 1887 674 voravit,

277 694 459 739 reliquum
478 688 662 736 neglexit,
685 700 806 736 neque
825 685 1069 722 abscondidit.

350 750 474 794 Quum
499 746 694 794 aliquoties
720 757 814 779 uxor
839 757 920 779 mea
947 756 1081 779 nucem
1109 743 1214 779 labiis
1242 743 1459 791 prehensam
1488 741 1735 791 praebuisset,
1763 751 1889 790 postea

278 818 384 854 saepe
407 804 569 839 insiliens
593 816 632 838 os
660 804 736 849 ejus
759 807 992 850 investigavit.
1021 802 1099 836 Aut
1124 801 1171 836 de
1202 801 1278 846 ejus
1300 799 1439 834 femore
1459 798 1665 833 desiliendo
1688 803 1891 845 appropin-

279 868 404 911 quavit
417 866 571 896 armario
587 866 622 894 in
639 861 770 908 quibus
790 872 902 894 nuces
918 858 1194 903 condebantur,
1209 866 1246 892 et
1261 862 1296 890 in
1314 857 1425 904 pedes
1445 860 1666 903 posteriores
1683 863 1824 888 erectus
1835 881 1844 898 ,
1858 863 1895 888 et

278 931 431 955 uxorem
442 916 653 966 aspiciendo
667 945 675 960 ,
691 926 768 951 tum
780 921 973 951 introitum
987 922 1026 950 in
1037 920 1233 950 armarium
1249 913 1427 948 tentando
1443 912 1618 947 indicavit
1632 911 1721 959 quid
1736 919 1895 958 cuperet.

352 976 557 1009 Famelicus
583 973 733 1008 frustum
755 980 858 1021 panis
876 972 1092 1007 crustulenti
1112 972 1262 1006 dimidia
1279 975 1415 1017 proprii
1436 974 1597 1016 corporis
1615 967 1715 1001 mole
1736 966 1896 1015 prehen-

281 1033 352 1077 dit,
380 1042 416 1067 et
436 1044 499 1066 ore
519 1040 648 1065 tenens
672 1029 837 1077 agillimi>
857 1028 952 1063 saltu
978 1040 1016 1062 se
1036 1033 1232 1075 surripuit,
1265 1031 1356 1074 eripi
1385 1025 1454 1059 sibi
1476 1024 1584 1059 illum
1607 1036 1684 1058 non
1704 1028 1773 1057 nisi
1791 1035 1896 1070 aegre

282 1100 318 1124 et
336 1101 414 1123 non
433 1094 500 1122 nisi
517 1087 634 1121 multo
659 1099 743 1121 cum
764 1092 938 1132 grunnitu
963 1090 1115 1132 patiens.

354 1145 428 1181 Ubi
449 1156 582 1178 nucem
603 1153 710 1178 antea
738 1141 982 1176 absconderat
999 1169 1011 1185 ,
1037 1140 1124 1175 dum
1155 1152 1273 1174 rursus
1303 1150 1481 1187 quaerens
1509 1150 1587 1171 non
1615 1141 1829 1181 invenisset,
1860 1142 1900 1171 in

282 1207 501 1250 posteriores
525 1201 636 1247 pedes
657 1209 798 1233 erectus
819 1204 921 1246 quasi
942 1196 1229 1232 meditabundus
1250 1201 1343 1232 visus
1365 1205 1438 1240 est,
1468 1205 1506 1230 et
1526 1199 1710 1229 reminisci
1733 1193 1829 1229 velle
1851 1206 1900 1228 an

283 1270 407 1293 revera
428 1256 477 1290 ibi
491 1284 499 1300 ,
518 1266 581 1290 aut
601 1268 764 1304 quonam
784 1254 856 1288 alio
883 1254 969 1288 loco
995 1253 1232 1301 deposuisset.

357 1315 566 1348 Armarium
595 1318 632 1346 in
661 1324 735 1359 quo
761 1309 1000 1358 amygdalae,
1029 1319 1243 1354 castaneae,
1278 1308 1350 1344 alia
1377 1307 1569 1344 recondita
1599 1316 1703 1342 erant
1722 1334 1731 1352 ,
1759 1316 1902 1342 mature

286 1370 507 1415 distinguere
531 1368 659 1401 didicit
680 1394 688 1409 ,
717 1378 837 1412 eoque
856 1375 983 1411 aperto
1007 1365 1096 1397 illuc
1114 1370 1332 1410 properavit.

358 1426 433 1461 Ubi
458 1428 657 1457 successive
685 1421 806 1469 plnres
832 1418 1103 1468 praebebantur
1123 1431 1235 1452 nuces
1251 1446 1260 1462 ,
1296 1427 1331 1452 et
1358 1426 1464 1452 antea
1489 1416 1626 1451 lusibus
1655 1427 1691 1452 et
1714 1417 1902 1465 palpando

285 1482 393 1519 nobis
423 1479 640 1515 conciliatus
673 1487 772 1521 erat,
810 1476 960 1511 cuilibet
984 1485 1170 1519 nostrum,
1201 1473 1312 1518 mihi,
1340 1479 1468 1517 uxori,
1505 1472 1621 1518 filiae,
1648 1486 1784 1508 nucem
1812 1486 1902 1508 con-

290 1538 444 1575 credidit
463 1565 471 1581 ,
498 1542 572 1571 sive
590 1534 740 1579 collari,
767 1539 840 1569 sive
857 1538 895 1568 in
917 1531 1043 1567 calceo
1067 1531 1153 1566 laxo
1174 1530 1427 1566 recondendo.

363 1596 462 1629 Data
481 1593 682 1641 aliquando
707 1602 819 1635 nuce,
847 1602 909 1624 ore
929 1589 1032 1623 illam
1050 1599 1181 1623 tenens
1208 1601 1388 1636 expansus
1403 1615 1412 1632 ,
1439 1597 1564 1622 ventre
1586 1587 1689 1621 humi
1716 1586 1903 1634 applicato

289 1655 421 1700 jacuit,
448 1651 614 1685 celeriter
633 1654 809 1696 respirans
822 1676 830 1692 ,
851 1656 887 1681 et
914 1651 1017 1694 quasi
1035 1645 1322 1681 meditabundus
1336 1644 1398 1679 ubi
1414 1643 1642 1679 abscondere
1665 1642 1785 1678 vellet.
1806 1644 1906 1677 Tum

290 1708 517 1745 abscondere
537 1711 690 1742 tentavit
714 1711 751 1739 in
772 1717 882 1753 parvo
907 1703 1080 1738 fasciculo
1105 1702 1392 1738 convolutorum
1418 1701 1620 1736 linteorum
1639 1728 1648 1745 ,
1689 1700 1791 1748 quod
1820 1712 1904 1734 cum

291 1780 370 1802 non
388 1765 620 1809 succederet,
648 1762 822 1798 fasciculo
843 1773 949 1809 super
963 1761 1184 1809 glaberrimo
1204 1759 1370 1794 tabulato
1389 1770 1534 1807 semper
1559 1757 1755 1805 gliscente,
1774 1761 1903 1791 iterato

294 1829 464 1859 tentavit:
491 1822 555 1857 sed
577 1820 743 1870 qualibet
757 1825 835 1854 vice
854 1828 962 1853 antea
982 1824 1142 1865 primum
1158 1823 1195 1851 in
1216 1817 1325 1865 pedes
1346 1825 1504 1850 arrectus
1525 1820 1581 1848 ori
1597 1813 1782 1857 admovit,
1803 1818 1906 1860 quasi

293 1893 489 1916 arrosurus.
516 1882 558 1914 In
580 1880 655 1924 ejus
671 1886 871 1925 conspectu
898 1875 982 1910 dein
1010 1886 1055 1908 ex
1075 1873 1161 1907 loco
1187 1879 1224 1907 in
1247 1885 1321 1921 quo
1345 1871 1561 1907 condiderat
1583 1869 1737 1914 abstuli,
1764 1869 1908 1904 denuo-

299 1950 370 1986 que
394 1936 554 1985 praebui.
577 1936 677 1970 Tum
695 1947 781 1970 vero
809 1932 1028 1981 prudentior
1046 1930 1161 1964 factus
1184 1935 1330 1965 voravit.

367 1996 471 2028 Licet
496 1998 532 2026 in
556 1991 666 2026 scobe
691 1991 810 2038 lignea
839 1989 1049 2036 frequenter
1077 1986 1256 2021 exhibitas
1281 1986 1393 2034 dapes
1424 1984 1689 2028 absconderat,
1715 1993 1908 2030 nunquam

298 2061 422 2086 tamen
442 2048 672 2084 concredidit
692 2046 844 2082 urnulae
855 2054 1002 2093 apertae
1014 2073 1022 2089 ,
1039 2049 1077 2078 in
1090 2056 1161 2091 qua
1176 2049 1395 2077 aromaticae
1410 2042 1547 2077 herbae
1567 2047 1736 2076 concisae
1750 2049 1910 2074 servatae

299 2117 423 2152 erant,
452 2104 709 2154 (pot-pourri.)
740 2103 964 2150 Ubicunque
991 2100 1132 2149 aliquid
1155 2099 1424 2144 absconderet,
1451 2111 1540 2134 naso
1564 2103 1722 2146 primum
1747 2095 1912 2144 propulit

300 2175 480 2213 quantum
499 2172 666 2211 poterat,
689 2160 843 2209 pedibus
864 2158 1042 2194 fodiendo
1063 2185 1072 2202 ,
1099 2168 1134 2192 et
1153 2167 1231 2192 tum
1252 2155 1504 2191 converrendo
1528 2164 1564 2189 et
1586 2153 1815 2202 premendo,
1838 2158 1912 2187 sive

299 2222 440 2270 aliquid
468 2222 609 2256 adesset
629 2218 732 2268 quod.
751 2222 901 2264 congeri
919 2226 1060 2265 posset,
1086 2220 1160 2252 sive
1183 2226 1271 2251 non.
1295 2212 1518 2260 Plerumque
1537 2210 1680 2246 solebat
1707 2210 1911 2253 alternare,
