2054 2748
314 160 393 203 292
660 151 1146 186 OBSERVATIONES
1189 151 1563 182 ZOOLOGICAE.

310 248 458 279 tertium
479 240 658 284 foramen,
690 246 881 273 momento
907 241 1170 270 contractionis
1198 235 1339 271 videtur
1362 242 1464 284 quasi
1494 234 1637 270 bullula
1660 238 1789 279 aerea,
1813 244 1849 270 et
1875 248 1917 271 ea

310 299 490 333 foramina
513 296 695 345 pellucida
716 299 816 341 quasi
836 302 1024 341 apparent.
1053 292 1195 327 Eadem
1209 292 1282 327 alio
1299 305 1407 327 sensu
1427 302 1489 327 aut
1512 292 1582 327 alia
1602 292 1803 327 directione
1817 303 1919 339 spec-

311 365 385 391 tata
401 383 409 401 ‚
433 354 645 390 tubulorum
667 356 767 398 quasi
789 359 1046 397 argenteorum
1063 349 1213 398 oblique
1228 359 1478 397 protrusorum
1501 355 1706 396 iterumque
1722 357 1918 383 retrotrac-

311 422 434 448 torum
452 417 611 459 speciem
631 406 818 456 praebent.
847 406 885 440 Si
904 420 924 441 a
944 412 1129 454 superiore
1152 417 1254 454 parte
1273 416 1477 454 spectatur,
1503 418 1544 440 ea
1566 410 1719 440 mutatio
1740 410 1789 439 ita
1818 417 1920 439 com-

310 478 412 518 paret
432 482 474 503 ac
495 474 523 502 si
543 467 634 500 duae
657 465 816 498 laminae
837 469 996 498 nitentes
1019 469 1232 498 eminerent.
1258 463 1309 497 Os
1324 474 1468 510 semper
1489 461 1587 507 hiat,
1608 467 1718 496 etiam
1736 467 1765 495 si
1782 460 1920 496 animal

311 538 390 561 non
413 530 506 572 sugit
532 531 593 556 aut
610 533 673 555 ore
692 520 859 568 affigitur.
887 522 975 555 Post
995 533 1035 555 os
1055 533 1186 568 eorpus
1208 525 1314 568 piscis
1335 519 1564 568 pellucidum
1582 528 1656 562 est,
1677 530 1719 552 ac
1739 522 1920 565 conspici-

311 591 371 618 tur
393 582 442 616 ibi
470 578 611 614 rubella
636 577 759 625 aliqua
781 590 886 625 pars,
915 583 992 611 sine
1011 577 1124 611 dubio
1149 589 1231 621 cor,
1253 588 1347 624 quae
1373 575 1512 612 emboli
1541 588 1586 610 ex
1606 573 1764 623 siphone
1786 574 1921 620 modo,

311 649 517 674 anti-orsum
539 645 810 682 retrorsumque
831 634 979 676 alternis
995 633 1131 668 vicibus
1150 633 1311 668 trahitur.

383 691 606 729 pisciculum
623 691 721 725 hunc
740 696 858 738 reperi
874 690 907 725 d.
926 690 956 724 5.
972 689 1069 737 Sept.
1092 690 1188 736 1796.
1210 689 1304 735 (Ao.
1319 689 1370 737 4.)
1388 694 1425 723 in
1445 688 1552 723 litore
1570 688 1741 723 sabuloso
1755 690 1922 732 Bruseae,

312 762 427 800 quum
450 749 573 784 alveus
599 746 671 781 fere
693 759 826 783 vacuus
851 755 953 780 esset.
981 745 1118 780 Sabulo
1139 758 1177 780 se
1198 746 1422 792 introduxit,
1443 745 1516 780 fere
1537 745 1760 790 ammodytis
1782 751 1819 778 in
1843 757 1923 778 mo—

313 808 411 843 dum.
439 805 524 840 Vidi
544 814 668 838 tamen
689 815 838 851 quoque
858 808 920 850 qui
939 814 1044 850 super
1066 814 1176 836 arena
1199 812 1365 837 mortuus
1384 804 1528 848 jaceret.
1553 802 1658 836 Alios
1681 801 1831 836 calculis
1845 812 1923 835 ma-

312 862 450 909 joribus
476 860 641 908 sugendo
676 859 830 904 affixos,
852 859 974 908 plures
999 864 1110 894 etiam
1131 864 1170 893 in
1193 859 1327 894 eodem
1353 858 1476 907 lapide
1497 864 1623 907 reperi.
1650 857 1838 894 Branchiis
1862 856 1926 891 ad-

312 920 503 954 haerentes
523 929 714 964 nunquam
732 916 815 952 vidi.

385 1004 427 1036 In
447 1004 642 1048 Lampetra
661 999 809 1033 Planeri
828 999 964 1032 Bloch.
988 1006 1137 1046 copiose
1155 1006 1193 1033 in
1209 1006 1284 1034 rivo
1307 999 1405 1033 claro
1422 1005 1513 1031 arcis
1527 998 1643 1040 urbis,
1659 997 1819 1030 silicibus
1835 995 1926 1030 albis

314 1058 539 1093 adhaerente
560 1057 593 1089 d.
619 1055 670 1088 15.
687 1054 804 1100 April.
826 1060 981 1099 exprimi
1000 1066 1045 1085 ex
1065 1067 1136 1086 ano
1157 1064 1302 1099 poterat
1320 1060 1359 1085 in
1378 1053 1537 1086 maribus
1556 1051 1694 1099 papilla
1716 1051 1928 1096 cylindrica,

315 1113 514 1149 subconica
531 1139 539 1156 ,
568 1110 642 1144 fere
673 1108 971 1156 semipollicaris,
1001 1107 1161 1152 rubella,
1189 1119 1330 1141 verum
1358 1106 1548 1153 genicczle.
1585 1108 1725 1153 Liquor
1749 1106 1856 1141 ruber
1882 1119 1928 1142 ex

312 1170 379 1205 illo
398 1167 564 1203 membro
581 1171 735 1214 exprimi
751 1174 883 1213 potest.
910 1163 1008 1199 Illud
1026 1163 1234 1198 membrum
1254 1168 1354 1198 iconi
1368 1175 1472 1198 meae
1486 1161 1712 1198 Blochianae
1727 1162 1929 1212 adpingen-

315 1227 404 1262 dnm
430 1230 560 1271 curavi.

752 1280 1493 1337 SQUALUssPINAX

389 1368 451 1401 AN
475 1365 521 1400 ab
542 1364 613 1399 hoc
635 1363 913 1398 denominatum
937 1368 1079 1396 corium
1101 1365 1333 1409 sagritzum,
1357 1371 1394 1396 et
1418 1360 1570 1396 confusa
1594 1360 1700 1407 hujus
1723 1367 1815 1396 cutis
1835 1374 1929 1410 quae

317 1423 436 1458 Gallis
455 1421 501 1457 ab
527 1420 663 1456 artifice
687 1428 816 1454 vocata
835 1426 887 1452 est
904 1417 1127 1464 galctclzat,
1151 1430 1235 1452 cum
1257 1417 1322 1451 illo
1345 1422 1445 1451 corio
1469 1421 1560 1451 asini
1586 1416 1816 1452 tuberculato
1835 1445 1842 1462 ,
1862 1431 1927 1465 pa-

317 1491 413 1516 trum
438 1489 648 1513 nostrorum
673 1479 851 1509 memoria
884 1479 1072 1508 usitatiori.
1116 1473 1298 1520 (Pileariis
1323 1472 1520 1506 artificibus
1553 1472 1667 1507 robbe
1696 1485 1769 1520 quo
1799 1473 1928 1509 fricant

316 1536 456 1584 pileos,
489 1533 552 1581 (ils
574 1530 731 1566 robbent
760 1530 811 1564 les
838 1529 1058 1577 chapeaux.)
1084 1528 1322 1564 Credideram
1346 1534 1506 1576 primum
1527 1535 1693 1563 omnium
1716 1529 1930 1577 squalornm

319 1603 418 1627 cutes
443 1603 509 1639 pro
535 1587 751 1624 inducendis
776 1585 892 1621 thecis
915 1586 1081 1620 adhiberi
1109 1598 1239 1634 posse,
1269 1595 1304 1620 et
1329 1591 1538 1632 asperitates
1561 1585 1648 1620 lima
1673 1585 1793 1621 aliove
1813 1587 1928 1622 modo

318 1649 459 1684 auferri.
488 1646 560 1681 Sed
581 1646 735 1680 edoctus
751 1656 831 1678 sum
859 1657 878 1677 a
893 1648 1026 1677 sororis
1045 1648 1175 1677 marito
1196 1641 1404 1689 seplasiario
1421 1668 1430 1685 ,
1453 1653 1597 1689 asperas
1616 1641 1696 1675 illas
1716 1651 1815 1676 cutes
1835 1655 1929 1690 quae

318 1705 365 1740 ab
385 1703 569 1739 arculariis
591 1701 639 1736 ad
660 1699 835 1749 polienda
861 1699 959 1746 ligna
982 1697 1226 1743 adhibentur,
1258 1698 1319 1733 ubi
1340 1698 1555 1733 madescunt
1578 1704 1783 1746 corrumpi,
1808 1711 1928 1747 neque

319 1766 456 1809 vaginis
481 1757 716 1794 investiendis
737 1767 800 1791 aut
820 1756 934 1791 thecis
963 1755 1051 1790 alias
1081 1767 1193 1803 quam
1214 1755 1332 1790 laeves
1359 1753 1534 1789 adhiberi.
1570 1756 1751 1802 Expertus
1779 1768 1929 1803 quoque

320 1831 399 1854 sum
419 1815 635 1865 particulam
663 1826 809 1862 asperae
838 1819 929 1848 cutis
953 1825 1047 1860 quae
1073 1817 1234 1846 siccitate
1261 1810 1461 1846 convoluta
1487 1810 1602 1844 suerat
1629 1816 1667 1844 in
1699 1810 1904 1855 cylindrum
1920 1841 1929 1858 ‚

321 1887 438 1922 aquae
463 1884 525 1920 per
544 1872 645 1906 bidui
669 1876 827 1919 spatium
847 1875 1047 1905 immissam
1071 1867 1274 1915 collapsam
1298 1880 1374 1903 esse
1399 1879 1514 1915 quum
1533 1867 1653 1914 digitis
1676 1877 1868 1902 tractarem
1889 1874 1929 1903 in

322 1930 478 1967 totidem
502 1928 697 1976 particulas
720 1941 762 1962 ac
788 1937 872 1962 sunt
899 1925 1088 1974 spinulae:
1116 1934 1156 1959 ut
1176 1925 1306 1959 eadem
1331 1931 1422 1959 cutis
1448 1929 1667 1972 compositio
1688 1923 1762 1959 fere
1785 1936 1860 1959 esse
1879 1930 1929 1961 vi-

324 1988 450 2023 deatur
470 1997 562 2034 quae
585 1985 752 2020 dentium
771 1986 928 2030 rajarum
946 1993 982 2017 et
1003 1987 1138 2017 ossium
1162 1982 1372 2017 earundem.

778 2069 1092 2128 sQALUs
1144 2068 1476 2112 GALEUs

396 2157 495 2189 ΒιΝΑ
515 2165 597 2189 mea
619 2158 817 2201 specimina
838 2165 922 2188 cum
946 2151 1050 2188 nullo
1070 2151 1142 2188 alio
1171 2149 1300 2198 §qualo
1319 2154 1545 2186 conveniunt
1570 2154 1638 2184 nisi
1657 2161 1741 2183 cum
1763 2148 1868 2197 galeo
1893 2160 1929 2184 et

324 2210 501 2247 1311161113,

1842 2273 1929 2299 lmurn
