2054 2748
796 139 1187 169 MAMMALIA.
1740 127 1797 185 67

194 232 324 273 caput3
339 233 417 259 tum
437 232 472 259 et
492 223 638 259 caudaa
653 222 911 272 posterioribus
933 232 1112 271 spectata,
1132 232 1172 258 ut
1190 225 1361 258 interiora
1380 221 1461 270 pilis
1476 226 1663 269 interjecta
1682 230 1796 273 spatia

195 290 412 329 spectentur.
440 282 571 328 Margo
587 286 820 316 circumcirca
838 285 941 327 niger
958 279 1073 316 ambit
1088 279 1264 325 caudam,
1278 289 1314 315 et·
1332 278 1423 314 alius
1444 279 1594 314 tandem
1613 291 1796 321 extremus

194 342 233 371 in
252 336 382 372 ultimo
403 337 563 385 pilorum
581 344 683 386 apice
701 337 816 373 albus.

266 394 389 440 Major
406 400 499 429 visus
518 400 636 429 sciuro
656 394 806 441 vulgari.

267 450 329 485 De
344 452 473 497 majori
485 452 560 497 ejus
574 459 709 485 statura
728 448 926 484 testabatur
940 447 978 483 id
992 459 1157 496 quoque,
1173 449 1275 497 quod
1290 459 1523 485 excrementa
1538 449 1691 485 dimidio
1713 451 1796 485 lon-

195 512 295 554 giora
313 517 349 542 et
364 513 535 542 crassiora
550 505 642 540 mihi
663 506 879 542 videbantur
893 517 1004 553 quam
1022 511 1061 539 in
1080 506 1253 553 vulgari.
1281 506 1452 541 scrotum
1475 519 1553 541 non
1579 517 1796 555 separatum,

194 563 258 598 sed
279 563 406 599 leviter
424 562 648 608 torulosum,
664 563 786 612 ample
801 562 970 598 inlatum
988 562 1216 610 longumque
1236 575 1460 610 expansum,
1480 562 1553 598 fere
1569 573 1609 600 ut
1626 570 1664 599 in
1688 576 1795 599 verre.

194 620 247 654 Ita
269 619 409 655 videtur
426 624 464 653 in
482 618 632 654 sedente
649 632 655 654 :
681 619 745 654 sed
764 619 852 654 alias
872 625 999 667 utique
1017 618 1171 667 penduli
1187 629 1314 664 testes,
1335 625 1494 654 maximi.

264 673 392 709 Orbita
414 673 609 710 flavescens
632 675 719 711 inde
739 676 839 724 quod
864 675 1061 724 palpebrae
1087 676 1170 723 pilis
1192 686 1277 712 sunt
1297 676 1513 712 denudatae.
1540 675 1601 711 Ad
1621 676 1798 712 canthum

191 736 414 765 anteriorem
433 744 539 779 supra
562 742 599 767 et
622 732 714 768 infra
740 738 778 767 in
801 732 976 781 palpebra
996 732 1091 780 pilus
1110 732 1253 780 longus.

267 788 421 822 Miratus
439 793 542 823 initio
565 789 751 836 Frigidarii
771 795 925 835 mensis,
951 802 1037 824 cum
1059 789 1174 824 cauda
1196 798 1423 837 pecteretur,
1442 787 1537 837 pilos
1556 788 1662 824 facile
1681 802 1796 825 seces-

191 849 275 878 sisse
291 870 299 886 ,
326 855 440 890 quum
454 854 578 878 tamen
597 858 695 879 nunc
718 845 883 890 hyberno
906 858 993 881 sane
1012 845 1144 881 vellere
1164 846 1331 893 gaudeat.

266 899 418 934 Floralis
444 905 548 935 initio
574 900 673 936 frons
706 912 741 937 et
765 902 878 938 latera
906 903 987 951 pilis
1019 908 1140 949 griseis
1166 902 1324 938 obsideri
1348 900 1438 936 milii
1463 905 1537 937 visa
1563 911 1670 937 sunt:
1696 902 1799 950 quod

190 955 450 992 Thermidorio
469 963 609 992 auctius
629 970 777 1006 quoque
795 959 888 994 mihi
907 965 1023 993 visum
1041 969 1103 994 est.

261 1013 425 1047 Pratensi
447 1025 572 1048 mense
593 1019 683 1048 mire
697 1015 780 1063 pilis
800 1015 947 1051 orbatus
962 1025 1032 1060 est,
1060 1025 1099 1049 ut
1118 1021 1250 1063 passim
1267 1027 1313 1049 ex
1335 1014 1471 1060 cauda,
1501 1014 1571 1050 levi
1593 1023 1714 1059 tactu,
1741 1019 1797 1049 in-

189 1074 279 1116 tegri
298 1068 459 1104 fasciculi
478 1070 698 1106 deciderent.
726 1071 844 1107 Simul
873 1082 909 1107 et
937 1078 1071 1120 griseus
1091 1072 1197 1106 color
1219 1078 1256 1106 in
1283 1071 1404 1106 sronte
1428 1081 1464 1106 et
1491 1071 1664 1107 lateribus
1687 1076 1798 1105 inter-

189 1131 323 1161 mixtus
337 1135 390 1160 est
405 1132 561 1161 cinereo.
577 1128 721 1162 Eodem
734 1141 860 1164 mense
879 1138 966 1164 ante
985 1134 1127 1177 apicem
1141 1129 1279 1163 caudae
1295 1134 1466 1177 utrinque
1482 1128 1642 1176 pllorum
1662 1127 1796 1163 floccus

190 1183 346 1227 excidit,
373 1193 411 1217 ut
440 1189 506 1218 ista
532 1193 634 1231 parte
660 1197 806 1231 prorsus
834 1186 933 1220 nuda
967 1195 1070 1220 esset.
1116 1185 1219 1219 Idem
1240 1190 1279 1218 in
1306 1197 1390 1219 meo
1415 1190 1560 1219 cinereo
1582 1186 1794 1231 Virginiano

189 1250 337 1285 magno.
362 1239 422 1272 An
447 1239 484 1273 id
503 1252 701 1273 commune
721 1243 872 1275 sciuris!
900 1241 961 1274 An
980 1240 1197 1274 affinitatem
1218 1246 1353 1287 speciei
1376 1240 1556 1274 denotat'!

263 1295 411 1329 Aestate
431 1304 539 1342 caput
559 1305 594 1329 et
616 1295 727 1330 latera
747 1295 992 1343 ferrugineum
1012 1295 1176 1330 colorem
1197 1295 1346 1329 induere
1366 1304 1577 1342 coeperunt.

261 1353 390 1385 Primis
409 1350 536 1382 diebus
560 1351 800 1382 vindemialis
823 1352 939 1382 cauda
961 1351 1072 1382 densa
1088 1360 1124 1382 et
1139 1350 1266 1395 pulcra
1280 1377 1288 1393 ,
1309 1350 1374 1382 sed
1398 1362 1528 1396 corpus
1546 1350 1593 1383 ad
1608 1350 1719 1385 latera
1735 1364 1794 1387 ca-

188 1413 270 1456 pitis
288 1415 324 1440 et
346 1404 482 1452 pedum
497 1409 609 1450 magis
627 1403 905 1451 griseo-fulvum
924 1409 1040 1438 visum
1055 1415 1167 1451 quam
1183 1412 1277 1438 ante.
1306 1404 1379 1449 Qui
1400 1403 1505 1438 color
1528 1416 1700 1452 vergente
1722 1407 1793 1443 hoc

188 1475 313 1499 mense
346 1467 460 1507 magis
486 1466 673 1508 magisque
703 1466 826 1508 augeri
854 1470 890 1495 et
912 1459 1063 1495 extendi
1084 1459 1244 1505 videtur,
1274 1469 1313 1494 ut
1342 1470 1440 1495 recta
1469 1459 1566 1496 linea
1590 1474 1654 1509 per
1680 1474 1794 1499 trans-

188 1532 308 1557 versos
327 1530 467 1562 armos,
491 1529 555 1565 per
578 1517 732 1564 longum
753 1516 960 1552 abdominis
973 1545 981 1561 ,
1001 1526 1036 1552 et
1056 1525 1255 1554 transversa
1280 1517 1420 1553 femora
1440 1517 1660 1566 deducatur,
1683 1520 1791 1557 dorso

186 1577 323 1627 pedum
343 1574 471 1610 clarius
491 1574 700 1610 lutescente.

259 1635 365 1668 Initio
392 1637 525 1666 mensis
556 1631 732 1667 Brnmalis
760 1633 834 1678 jam
869 1637 993 1680 augeri
1023 1636 1155 1680 passim
1181 1631 1298 1667 fulvus
1325 1638 1532 1681 griseusquc
1567 1633 1674 1669 color
1703 1635 1791 1670 mihi

185 1690 347 1733 videtur,
366 1698 403 1723 et
422 1693 525 1723 variis
545 1694 582 1721 in
603 1688 693 1723 locis
714 1701 909 1736 apparere,
935 1688 998 1724 ubi
1022 1700 1130 1724 antea
1150 1701 1227 1723 non
1249 1695 1434 1738 conspexi.
1463 1693 1570 1726 Initio
1605 1692 1791 1739 Frigidarii

185 1751 330 1789 mensis,
345 1756 459 1791 quum
471 1752 655 1778 maturum
669 1743 777 1791 frigus
795 1744 990 1779 hibernum
1005 1750 1177 1793 nivesque
1193 1751 1403 1793 ingruerent
1414 1776 1422 1792 ,
1438 1747 1542 1782 color
1555 1748 1664 1783 flavus
1681 1761 1791 1796 quem

185 1815 291 1851 supra
307 1801 382 1835 dixi
400 1805 532 1848 passim
550 1810 719 1835 exortum
734 1814 808 1835 esse
828 1807 1022 1849 praecipue
1041 1807 1079 1836 in
1094 1801 1284 1847 lateribus,
1299 1813 1334 1838 et
1350 1810 1411 1851 qui
1428 1814 1565 1839 metum
1581 1811 1788 1851 incusserat,

183 1874 231 1896 nc
253 1857 400 1893 tandem
416 1869 559 1904 prorsus
581 1863 618 1891 in
638 1856 755 1891 rusum
775 1857 961 1905 vulgarem
980 1857 1145 1893 colorem
1161 1858 1418 1906 degeneraret,
1435 1865 1566 1896 iterum
1588 1868 1731 1898 evanuit
1753 1873 1788 1898 et

186 1921 258 1950 «no
271 1942 279 1958 ,
302 1922 342 1948 ut
366 1913 553 1960 Frigidarii
574 1919 678 1948 initio
696 1913 788 1948 nihil
807 1914 1031 1962 superfuerit.

256 1971 396 2017 ‘l'ragus
415 1980 450 2005 et
463 1975 662 2017 antitragus
677 1970 838 2018 apicibus
853 1977 901 2006 ita
924 1977 1143 2016 connivent,
1167 1982 1205 2006 ut
1222 1979 1257 2006 in
1276 1978 1348 2008 ima
1371 1985 1472 2022 parte
1489 1975 1673 2011 auriculae
1692 1975 1785 2010 sora·
1806 2013 1807 2016 Ἴ

184 2040 268 2061 men
286 2026 485 2061 rotundum
509 2026 575 2061 sub
593 2026 666 2061 illis
686 2033 848 2075 supersit.

243 2086 283 2118 ln
301 2093 401 2131 parte
416 2082 513 2118 dorsi
528 2089 728 2131 posteriore
743 2094 779 2119 et
799 2084 964 2119 clunium
980 2084 1130 2132 obliqua
1150 2095 1345 2124 transversa
1363 2096 1512 2135 regione
1527 2091 1641 2137 pilum
1657 2088 1785 2133 hyber-

186 2151 273 2173 num
286 2138 490 2185 longiorem
500 2139 656 2174 albidius
669 2146 855 2175 cinereum
869 2147 1014 2175 retinuit
1025 2142 1071 2176 ad
1090 2148 1232 2177 initium
1247 2157 1359 2193 usque
1379 2147 1627 2181 'l'lncrmidorii
1643 2151 1785 2181 mensis.

258 2196 399 2239 Hyeme
423 2196 491 2231 Ao.
517 2198 548 2231 8.
568 2197 723 2232 caudam
745 2203 863 2233 minus
891 2203 1093 2244 speciosam
1113 2200 1338 2249 densamque
1362 2203 1489 2238 habuit
1516 2213 1627 2250 quam
1657 2202 1727 2239 Ao.
1752 2217 1783 2251 7.

1516 2261 1529 2295 1
1557 2271 1577 2294 2
