2054 2748
279 119 358 164 123
647 131 1127 165 OBSERVATIONES
1174 133 1536 164 ZOOLOGICAE.

344 216 535 254 Bussonius
561 232 691 268 parum
714 219 891 266 judiciose
911 217 1111 252 multarum
1131 217 1286 253 aliarum
1303 223 1497 265 regionum
1516 230 1600 253 aves
1616 246 1624 264 ,
1652 229 1746 267 quae
1765 219 1812 255 ab
1831 227 1890 256 iti-

271 276 502 310 neratoribus
521 283 619 312 corvi
639 276 863 319 salutantur,
890 274 938 309 ad
957 274 1053 309 113110
1072 281 1231 323 speciem
1256 274 1376 310 refert.
1398 276 1441 310 T.
1462 277 1520 310 111.
1542 288 1576 324 p.
1599 275 1654 311 38.

346 333 542 381 Reperitur
570 344 720 382 quoque
741 337 779 366 in
805 337 986 380 quercetis
1013 332 1179 381 planitiei
1210 334 1492 377 Normanniae,
1519 333 1585 367 sed
1614 331 1724 380 longe
1744 333 1892 382 lateque

273 401 389 423 unum
416 390 531 425 modo
553 402 640 438 par,
668 400 782 436 quum
809 394 952 424 socium
977 389 1091 424 alium
1111 402 1189 424 non
1207 388 1308 423 serat.
1336 391 1487 424 Juvenis
1507 399 1633 437 captus
1656 397 1889 427 mansuescit.

271 446 392 481 Ros-ae
414 446 541 482 florem
557 445 725 480 nondum
747 458 951 494 expansum
976 440 1147 481 lubenter
1172 452 1334 491 voravit,
1362 459 1513 492 carnes,
1539 452 1600 482 vix
1626 459 1784 495 panem,
1813 460 1893 483 non

273 502 384 538 olera.
412 505 614 551 Lepagc'us
630 502 913 551 physioplzilus
930 503 1199 539 cadomensis.
1218 505 1297 539 Ao.
1311 504 1422 551 Reip.
1439 504 1469 539 3.

345 562 386 594 ln
404 560 560 594 Abbatia
586 560 873 596 Benedictorum
892 560 1041 595 Mansui
1060 567 1098 595 in
1120 560 1209 595 urbe
1231 560 1353 605 Toni,
1379 572 1530 595 corvum
1552 565 1753 595 immanem
1777 566 1892 596 nutri-

273 626 351 653 tum
368 616 472 650 fuisse
487 645 495 661 ‚
522 628 607 650 meo
629 617 748 652 multo
764 618 963 664 majorem,
990 628 1108 654 rostro
1128 617 1342 667 tripollicari
1358 617 1405 652 ad
1425 624 1619 652 minimum
1635 646 1644 662 ,
1664 624 1726 666 qui
1742 618 1892 666 quando

272 685 364 709 esset
388 673 618 708 introductus
637 687 749 709 nemo
770 680 999 710 meminisset
1015 703 1023 720 ‚
1056 674 1181 710 retulit
1196 676 1382 710 Boccmus
1396 702 1408 717 ,
1432 673 1527 721 elles
1538 674 1593 708 du
1609 674 1758 708 bureau
1779 673 1892 708 d'ad-

273 734 367 765 min.
388 735 518 778 ge'ne'r.
540 731 595 765 dcc
614 732 763 780 deparc.
788 736 815 766 ὰ
836 732 1078 780 Serasbourg
1091 760 1103 775 ,
1124 745 1179 766 an
1199 731 1232 767 6.

344 788 487 822 Medias
507 795 663 836 remiges
685 789 819 824 habere
839 788 998 824 rhachin
1014 795 1052 823 111
1066 794 1209 837 apicem
1224 797 1372 822 acutum
1394 785 1614 834 productam
1627 813 1635 830 ,
1648 784 1743 821 ultra
1764 786 1894 823 barbas

271 852 508 881 eminentem.
531 847 698 894 Busfon.
724 849 803 882 III.
828 860 865 894 p.
889 847 945 883 So.
970 845 1029 881 ed.
1056 848 1224 879 mam-im.
1250 844 1369 890 C-,fig-
1387 845 1480 890 pict.
1503 841 1617 888 Quod
1635 848 1780 876 sanein
1805 856 1889 878 meo

270 902 484 937 nullatenus
506 909 659 951 reperio.
688 904 750 938 An
772 903 866 938 forte
887 903 1021 939 eodem
1043 902 1129 937 loco
1154 914 1209 936 res
1227 899 1399 949 ponenda
1427 911 1513 933 cum
1532 898 1731 947 remigibus
1757 906 1893 947 acutis,

272 971 361 1008 quas
381 965 418 994 111
439 973 580 994 0010110
600 973 667 1008 pro
688 960 897 995 charactere
921 960 1094 1009 specifico
1116 961 1299 993 Limnaeus
1318 962 1477 991 assumit.

614 1064 949 1109 CORVUS
996 1059 1550 1107 FRUGILEGUS.

344 1161 656 1206 Sussv10LA0Eus3
683 1161 784 1197 frons
811 1175 889 1197 non
914 1167 1165 1204 cinerascens‚
1194 1158 1262 1193 sed
1289 1156 1447 1193 ambitus
1478 1161 1590 1192 totius
1627 1161 1755 1202 rostri,
1792 1163 1895 1206 quasi

271 1218 457 1254 scabiosus
480 1230 541 1254 aut
564 1219 776 1254 lii-henosus
788 1247 796 1263 ,
809 1249 811 1251 .
825 1219 990 1254 detonsis
1003 1222 1136 1266 pennis
1153 1229 1174 1250 a
1189 1215 1316 1251 crebra
1327 1243 1336 1259 ‚
1351 1224 1392 1249 ut
1411 1213 1598 1249 Buffonius
1612 1219 1683 1259 ait,
1709 1220 1747 1248 in
1763 1224 1897 1250 terram

273 1281 486 1312 insertione.
507 1278 557 1313 Ut
574 1282 701 1325 utique
719 1282 756 1310 in
778 1276 990 1311 charactere
1011 1278 1184 1322 generico
1204 1272 1263 1307 hic
1279 1284 1358 1306 non
1375 1270 1613 1318 agnoscendo
1632 1270 1819 1306 calamitas
1840 1277 1895 1307 sit.

272 1334 427 1370 Plumae
443 1334 489 1368 ad
505 1344 664 1369 rostrum
685 1334 839 1369 detritae
851 1361 859 1377 ‚
879 1332 984 1381 quod
994 1334 1178 1367 Linnaeus
1192 1335 1231 1365 in
1248 1329 1359 1364 fauna
1378 1328 1533 1363 Suecica
1556 1327 1605 1363 ad
1623 1340 1803 1362 coronem
1825 1341 1896 1363 110-

273 1396 363 1426 tavit
379 1418 387 1434 ,
413 1390 485 1424 11110
505 1391 724 1437 ponendum
743 1389 871 1422 fuerat.

347 1446 571 1494 Magnitudo
602 1445 724 1480 media
753 1450 849 1478 inter
876 1454 1029 1477 corvum
1057 1452 1229 1477 coracem
1255 1449 1292 1475 et
1320 1451 1506 1475 coronem.
1533 1439 1708 1474 Rostrum
1740 1440 1897 1477 debilius

275 1503 427 1553 quidem
447 1515 558 1550 quam
582 1508 619 1536 in
642 1502 791 1549 reliquis
807 1499 1035 1543 cornicibus,
1054 1499 1118 1533 sed
1133 1499 1249 1543 majus
1268 1508 1356 1532 sane
1370 1505 1424 1531 est
1443 1508 1554 1544 quam
1574 1501 1612 1530 111
1629 1508 1778 1533 corone.

350 1559 467 1594 Color
486 1564 596 1593 etiam
612 1564 715 1606 niger
737 1563 851 1605 magis
870 1567 1134 1605 purpurascens
1155 1567 1267 1603 quam
1287 1560 1326 1588 in
1346 1565 1486 1588 corone
1507 1552 1600 1587 mihi
1618 1558 1711 1588 visus
1731 1564 1793 1590 est.
1808 1556 1898 1591 Non

276 1623 346 1653 nisi
365 1616 515 1664 quando
532 1621 693 1664 asperior
711 1614 839 1660 hyems
860 1619 990 1658 instat,
1016 1615 1064 1649 ad
1080 1624 1148 1647 nos
1161 1611 1306 1646 accedit
1321 1625 1329 1655 ;
1349 1609 1473 1645 retulit
1488 1609 1729 1645 Schroeterus
1746 1639 1754 1656 ,
1772 1623 1899 1660 pastor

276 1681 314 1711 in
329 1673 611 1716 Schfliersdmf,
632 1678 694 1720 qui
709 1677 846 1720 primus
867 1670 964 1705 hanc
985 1682 1092 1706 avem
1111 1670 1174 1704 diu
1187 1668 1315 1704 frustra
1331 1673 1534 1716 quaesitam
1547 1695 1555 1712 ‚
1568 1666 1659 1701 mihi
1678 1673 1795 1714 misit,
1814 1675 1895 1717 qui-

277 1745 349 1781 que
375 1730 466 1765 illud
490 1730 624 1765 deinde
650 1729 739 1764 mihi
768 1735 900 1763 iterato
934 1741 955 1763 a
988 1740 1027 1762 se
1059 1726 1294 1761 observatum
1317 1724 1568 1768 confirmavit,
1600 1723 1671 1759 Ao.
1696 1739 1722 1759 1.
1751 1724 1897 1773 (1793.)

278 1795 425 1838 quoties
451 1788 707 1832 advenissent,
734 1792 824 1821 vites
841 1784 927 1834 gelu
944 1783 1142 1819 mulctatas
1162 1795 1250 1817 esse.
1285 1783 1425 1829 Utique
1446 1786 1555 1816 etiam
1581 1793 1689 1815 carne
1713 1787 1897 1826 victitaret,

278 1859 380 1882 secus
411 1859 453 1880 30
474 1844 644 1880 Busfonio
664 1850 803 1888 visum,
828 1843 915 1877 11001
943 1846 1086 1888 aegrius
1114 1850 1232 1874 rostro
1260 1838 1401 1886 aliquid
1422 1837 1604 1880 avellant,
1631 1843 1768 1885 quippe
1795 1837 1898 1886 quod

278 1909 399 1940 minus
422 1902 554 1938 durum
579 1912 615 1938 et
636 1907 756 1937 minus
776 1899 947 1936 scindens
962 1903 1018 1933 sit.
1046 1896 1154 1931 Setae
1174 1901 1321 1944 capistri
1344 1901 1473 1944 utique
1494 1900 1533 1929 in
1557 1892 1788 1942 quibusdam.

734 2002 1068 2049 CORVUS
1115 2000 1438 2044 VARIUS.

355 2110 509 2142 Conmx
530 2110 637 2139 varia.
655 2104 800 2140 Frlsch.
824 2102 904 2139 cab.
927 2101 985 2139 66.
1011 2106 1075 2149 qui
1092 2111 1175 2134 eam
1192 2104 1319 2147 utique
1340 2098 1551 2134 distinctam
1569 2108 1646 2132 esse
1665 2103 1895 2145 pronunciat.

283 2166 362 2201 Die
380 2162 626 2199 spleerlcm’ihe.

349 2222 520 2269 sagum,
547 2218 765 2255 abdomine
785 2245 797 2259 ,
826 2214 1120 2263 remigibusque
1139 2212 1253 2249 albis.

1799 2268 1897 2303 Eum
