2054 2748
272 115 357 159 280
644 119 1119 154 OBSERVATIONES
1165 123 1526 153 zooLOGICAE.

712 206 1075 251 COLUBER
1118 205 1436 249 NATRIX.

345 301 416 336 Ao.
439 300 537 347 1789.
558 298 591 333 d.
601 297 653 334 26.
665 300 748 333 Jun.
767 301 866 330 vivus
885 302 1014 331 missus
1033 295 1186 331 coluber
1203 296 1477 345 sesquipedalis.
1499 297 1533 331 A
1546 302 1684 333 natrice
1700 297 1882 335 diversum

272 357 435 402 credidi,
455 362 540 404 quia
560 360 647 390 vitta
674 353 757 387 alba
773 380 782 397 ,
811 365 922 401 quam
952 352 1063 389 habet
1089 360 1199 389 etiam
1223 355 1345 401 junior
1371 359 1514 399 natriX,
1541 367 1619 389 non
1643 355 1779 392 aderat.
1808 356 1882 393 Sed

272 426 370 452 trans
382 413 532 449 oculum
552 412 658 446 fascia
679 416 801 458 nigra,
821 420 857 445 et
873 410 944 446 alia
960 423 1058 459 pone
1073 417 1205 447 rictum
1219 410 1520 460 semipollicaris,
1537 417 1670 447 sensim
1682 422 1879 449 attenuata.

270 473 407 507 Venter
420 481 563 520 prorsus
580 467 771 502 uniformis
783 495 792 513 ,
813 467 986 515 glaucus,
1008 474 1141 518 nitens.

345 538 455 572 Scuta
480 537 548 570 228
567 547 635 567 ,τ’-
659 535 724 580 ι75
744 542 790 573 -ι-
812 534 867 570 53.

344 603 415 637 Ao.
437 602 467 636 5.
497 599 622 647 (1797.
641 604 746 634 initio
768 598 858 634 Julii
876 608 938 634 aut
957 598 1030 634 fine
1054 597 1175 646 Junii)
1199 605 1327 635 missus
1350 598 1442 635 mihi
1463 609 1516 635 est
1535 599 1689 635 coluber
1706 607 1826 636 natrix
1844 606 1884 636 in

269 673 399 703 sacco,
432 663 495 705 qui
513 663 693 705 sepositus
717 667 749 691 et
781 656 961 692 oblivioni
982 657 1158 702 traditus,
1182 658 1306 692 medio
1331 656 1422 693 Julii
1441 667 1604 706 repertus
1628 668 1682 693 est
1702 665 1884 707 peperisse

271 730 338 752 ova
360 715 557 750 duodecim
573 742 582 759 ,
608 726 767 762 quorum
789 724 947 762 quatuor
966 723 1001 749 et
1021 727 1140 749 rursus
1160 713 1214 749 bis
1237 714 1311 749 duo
1326 742 1336 760 ,
1364 716 1467 760 juxta
1492 714 1767 762 longitudinem
1790 728 1882 750 con-

269 774 448 822 glutinata
467 771 622 806 fuerunt.
650 772 787 806 Omnia
809 771 973 819 collapsa
992 781 1028 806 et
1049 781 1252 818 corrugata.
1279 771 1370 806 Duo
1391 781 1455 808 aut
1479 777 1546 808 tria
1574 777 1689 819 magis
1708 785 1859 821 quoque
1874 801 1884 820 ,

268 841 305 866 et
329 837 497 874 minora,
522 829 743 877 durioraque
767 842 810 864 ac
830 828 939 864 fusca.

315 897 493 932 ·Nauius
513 901 551 929 in
562 895 777 943 Naclzcmg
792 908 862 930 zur
879 893 1116 930 Geschichce
1132 884 1561 941 derMajnzerFisclze
1576 907 1613 942 p.
1633 893 1709 936 145.
1730 893 1884 929 conclu-

269 952 343 997 dit,
367 958 452 1000 quia
472 951 622 986 Leskius
637 962 738 987 scuta
765 953 828 998 175
854 962 891 986 et
910 952 956 987 53
969 979 978 996 ,
998 957 1087 986 item
1112 951 1176 998 175
1199 961 1236 986 et
1254 951 1300 987 60
1319 958 1474 999 reperit,
1495 957 1676 986 incertum
1688 964 1885 986 numerum

268 1020 367 1053 esse,
396 1020 518 1055 neque
545 1013 680 1042 assumi
701 1020 768 1056 pro
789 1007 998 1041 charactere
1020 1019 1138 1055 posse.
1165 1008 1302 1041 Verum
1329 1019 1399 1041 nec
1427 1012 1477 1040 ita
1501 1007 1717 1053 accipienda
1740 1019 1796 1041 res
1821 1017 1882 1042 est.

268 1064 422 1111 Semper
446 1063 520 1096 hoc
542 1063 656 1096 modo
683 1069 722 1096 in
744 1068 916 1096 viciniam
935 1068 1112 1108 serpentis
1134 1063 1376 1104 deducimur,
1398 1072 1434 1095 et
1459 1068 1553 1095 inter
1576 1061 1721 1108 aliquot
1746 1069 1885 1110 species

267 1125 472 1169 superiores
487 1127 525 1154 et.
539 1117 728 1153 inferiores
744 1116 975 1166 quaerendo,
995 1121 1136 1165 reperio
1152 1129 1201 1150 an
1212 1115 1393 1164 descripta
1406 1122 1452 1151 sit
1466 1128 1547 1152 mea
1559 1122 1698 1165 species
1710 1145 1719 1162 ,
1734 1130 1781 1152 an
1795 1132 1884 1156 non.

339 1186 488 1219 Variare
511 1184 638 1219 colore
665 1183 763 1218 dicit.
791 1184 969 1218 Ventrem
991 1181 1181 1218 lutescere.
1209 1183 1455 1230 Moguntinos
1473 1181 1635 1217 multum
1654 1183 1790 1218 similes
1808 1196 1886 1220 esse

267 1242 442 1279 caeciliae
462 1240 670 1276 maculatae
692 1240 884 1276 Catesbaei
904 1251 928 1275 t.
949 1241 1003 1288 59.
1032 1239 1145 1286 Quod
1161 1244 1190 1274 si
1204 1238 1335 1286 fuerit,
1358 1251 1445 1274 sane
1462 1252 1484 1275 a
1502 1249 1628 1275 nostra
1641 1239 1801 1275 multum
1817 1240 1887 1277 dif-

266 1301 345 1337 fert,
372 1298 567 1335 vertebras
591 1303 724 1348 reperit
744 1300 824 1340 248.
853 1298 932 1334 Ova
951 1298 997 1333 30
1015 1297 1064 1332 ad
1086 1305 1132 1339 40
1157 1308 1246 1333 esse.

340 1364 446 1400 Alius
466 1364 621 1400 coluber
640 1369 776 1409 natrix,
795 1363 1021 1412 spithamaea
1043 1361 1297 1408 longitudine,
1319 1371 1445 1409 captus
1465 1361 1500 1397 d.
1518 1372 1551 1407 9.
1571 1362 1691 1397 Fruct.
1706 1361 1740 1398 6.
1761 1362 1816 1410 (d.
1830 1363 1884 1400 26.

268 1422 360 1470 Aug.
393 1421 512 1469 1798.)
539 1426 695 1457 nutritus
720 1420 816 1455 lacte
844 1421 946 1465 cujus
971 1427 1090 1465 guttas
1117 1417 1164 1451 de
1192 1417 1308 1464 digito
1338 1417 1477 1452 lambit.
1506 1417 1634 1452 Nihilo
1657 1423 1773 1453 secius
1799 1429 1884 1467 post

267 1484 395 1527 viginti
421 1478 519 1525 dies,
545 1490 660 1527 quum
683 1488 793 1511 mane
812 1475 934 1510 adhuc
954 1474 1011 1510 lac
1035 1474 1222 1518 finxisset,
1250 1473 1403 1507 meridie
1428 1483 1596 1508 mortuus
1616 1475 1750 1519 jacuit,
1775 1475 1885 1511 valde

268 1541 476 1572 emaciatus.

339 1600 559 1636 Observatus
580 1599 670 1634 mihi
686 1610 835 1647 quoque
850 1607 925 1642 est,
940 1601 1002 1645 qui
1020 1594 1134 1630 modo
1150 1594 1291 1629 collare
1309 1600 1455 1643 nigrum
1476 1593 1607 1639 habet,
1626 1605 1662 1630 et
1686 1595 1780 1631 nihil
1798 1596 1882 1633 albi.

340 1666 412 1701 Ao.
431 1667 529 1712 1798.
553 1665 642 1711 (Ao.
661 1663 712 1708 (5.)
746 1663 932 1698 observavi
955 1666 1134 1696 natricem
1155 1659 1451 1709 sesquipedalem
1475 1659 1653 1708 paludem
1671 1673 1789 1709 aquae
1814 1674 1882 1710 pu·

267 1728 370 1759 rioris
391 1734 520 1770 parum
540 1720 766 1769 profundum
789 1725 1010 1765 intrantem,
1028 1727 1069 1753 ut
1092 1723 1132 1753 in
1150 1717 1266 1753 fundo
1285 1727 1477 1766 repentem
1502 1717 1693 1753 observare
1715 1730 1883 1766 possem,

267 1789 302 1816 et
321 1780 371 1814 ibi
399 1779 588 1813 latentem.

340 1846 405 1880 Est
427 1843 520 1878 mihi
544 1843 657 1889 alius⁷
687 1855 843 1878 nurnero
865 1842 928 1877 251
957 1854 1024 1876 z
1046 1841 1111 1889 175
1130 1849 1177 1880 —4-
1196 1840 1252 1876 56.
1280 1841 1422 1875 Natrici
1449 1849 1486 1876 et
1507 1839 1706 1888 aesculapii
1725 1852 1881 1876 numero

268 1914 501 1951 squamarum
527 1906 765 1950 propinquus.
802 1902 925 1935 Etiam
955 1899 1072 1933 forma
1098 1897 1207 1933 idem.
1245 1897 1339 1932 Tela
1364 1897 1479 1933 nulla.
1518 1897 1644 1932 Gauda
1672 1907 1882 1944 attenuata,

267 1959 332 1995 sed
360 1971 436 1993 non
465 1964 680 1993 acutissima.
718 1957 834 1993 Color
858 1969 1004 2006 prorsus
1029 1953 1242 1999 uniformis,
1270 1955 1486 1990 rubescente
1513 1954 1664 2002 glaucus
1682 1983 1691 2001 ,
1718 1961 1883 2002 margine

268 2028 503 2064 squamarum
529 2015 757 2057 obscuriore3
787 2019 987 2051 interstitiis
1015 2011 1161 2047 sordide
1188 2011 1289 2047 albis.
1325 2013 1464 2047 Venter
1491 2011 1665 2047 albicans.
1695 2011 1757 2045 An
1786 2010 1881 2046 forte

267 2078 490 2111 nostratium
503 2073 848 2122 Kupsersclzlcznge
879 2070 1054 2121 (coluber
1078 2068 1264 2118 cupreus).
1290 2069 1504 2118 Longitudo
1524 2067 1704 2118 bipedalis
1725 2073 1880 2103 circiter.
