2054 2748
798 167 1099 196 PISCES.
1672 174 1749 216 501

149 251 340 300 aliquanto
362 250 627 298 frequentiores
648 261 759 298 quam
780 255 910 285 misto,
937 251 1076 286 Pinnae
1092 249 1363 287 immaculatae:
1385 263 1494 300 quare
1510 265 1587 289 non
1602 254 1752 301 hystrix.

146 309 320 344 Rostrum
337 307 550 365 productius
573 319 683 355 quam
703 313 741 341 iu
762 316 927 354 utroque.
1224 311 1231 319 ¹

522 377 1065 421 ANARHICHAS
1111 379 1384 422 LUPUS.

219 449 263 482 IN
282 451 481 495 specimine
502 447 603 495 quod
623 459 690 494 ego
720 452 943 492 examinavi,
974 447 1102 482 dentes
1127 453 1176 482 sic
1196 461 1232 482 se
1255 448 1401 483 habent.
1429 449 1470 482 In
1489 449 1638 484 maxilla
1659 452 1751 487 inse-

146 509 241 538 riore
262 504 389 538 dentes
409 504 482 538 duo
505 504 711 538 intermedii
730 509 879 548 exserti,
900 509 1040 548 conici,
1058 505 1243 539 distantes.
1264 507 1329 539 His
1348 519 1368 539 a
1384 504 1497 540 latere
1510 506 1642 541 assidet
1662 508 1751 544 alius

147 562 264 605 major
283 566 433 595 crassior
452 560 650 607 divergens.
676 562 764 595 Post
784 559 885 595 hunc
898 560 990 595 alius
1006 566 1128 596 minor
1143 573 1253 608 quam
1269 562 1401 605 medii,
1420 572 1635 597 recurvatus.
1656 566 1753 599 Inter

146 617 251 652 basin
274 623 380 665 primi
400 627 435 651 et
453 616 605 651 secundi
623 616 714 651 alius
734 617 825 652 dens
842 622 993 652 conicus
1006 645 1014 661 ,
1034 616 1157 651 adhuc
1176 623 1315 662 minor⁷
1331 631 1508 653 recurvus.
1536 619 1624 654 Inde
1639 626 1753 655 oritur

147 673 285 721 duplex
304 679 409 707 series
430 673 597 707 dentium
613 673 847 719 obtusorum,
864 673 1133 719 consertorum,
1147 674 1486 722 complanatorum,
1502 688 1566 723 per
1581 677 1754 712 maxillae

146 729 417 777 longitudinem
446 730 718 764 decurrentium
734 758 742 774 ‚
771 736 820 765 ita
845 740 883 766 ut
906 731 996 765 dens
1020 737 1125 766 unius
1146 738 1249 766 seriei
1272 737 1309 767 in
1332 737 1567 768 interstitium
1596 733 1753 769 duorum

147 786 313 821 dentium
330 791 433 820 seriei
453 792 642 834 oppositae
663 793 865 834 recipiatur.
894 788 1036 824 Ultimo
1062 787 1147 822 loco
1171 799 1254 824 sunt
1274 788 1347 823 duo
1365 788 1484 824 adhuc
1509 789 1636 826 dentes
1651 792 1752 837 juxta

147 856 183 878 se
208 849 325 891 positi.
356 845 394 877 In
419 843 569 878 maxilla
593 849 777 891 superiore
798 854 883 878 sunt
905 843 1033 879 dentes
1054 857 1118 879 sex
1142 851 1262 880 conici
1288 845 1516 893 divergentes
1541 853 1593 882 uti
1616 853 1653 882 in
1676 861 1754 883 ma-

146 900 237 935 xilla
255 899 425 934 inferiore
444 905 512 934 nisi
538 899 638 948 quod
659 906 783 935 tertius
806 905 977 949 utrinque
993 906 1037 939 sit
1052 901 1214 947 ejusdem
1235 903 1496 949 magnitudinis
1518 916 1601 937 cum
1621 910 1750 951 primo.

147 957 208 992 Ad
227 956 330 992 basin
351 969 477 991 eorum
496 961 637 1005 postice
659 967 849 1004 ponuntur
874 956 1054 992 denticuli
1073 970 1138 992 sex
1163 968 1347 1007 septemve
1372 965 1491 994 conici
1513 965 1682 995 minores.
1711 963 1752 996 In

146 1014 287 1060 reliqua
306 1013 456 1046 maxilla
475 1013 633 1045 molares
652 1013 755 1046 nulli.
785 1013 857 1047 Sed
876 1019 914 1046 in
933 1013 1057 1061 palato
1077 1014 1201 1050 medio
1215 1021 1324 1050 series
1343 1015 1479 1062 duplex
1500 1015 1752 1062 longitudina-

145 1070 188 1105 lis
213 1069 379 1104 dentium
403 1067 618 1102 obtusorum
639 1067 889 1102 consertorum
911 1081 1065 1103 numero
1094 1069 1168 1104 fere
1191 1079 1288 1103 octo.
1322 1073 1432 1104 Juxta
1458 1071 1556 1105 hanc
1582 1078 1753 1120 utrinque

145 1132 254 1163 series
273 1125 344 1159 alia
364 1124 502 1173 duplex
525 1125 691 1160 dentium
717 1134 858 1174 septem
884 1123 1134 1159 consertorum
1157 1124 1221 1159 sed
1243 1124 1355 1173 paulo
1382 1132 1497 1175 magis
1524 1133 1751 1165 conicorum.

218 1182 335 1218 Plane
354 1181 427 1216 alio
452 1182 565 1216 modo
581 1188 697 1230 pingit
716 1182 898 1217 Blochius,

218 1238 397 1287 Lapidem
424 1238 631 1273 bufonitem
654 1252 676 1275 a
703 1245 903 1288 specimine
927 1250 1009 1274 meo
1034 1244 1119 1274 oriri
1144 1251 1220 1274 non
1246 1246 1458 1288 putaverim.
1484 1241 1629 1277 Dentes
1651 1247 1752 1278 enim

146 1298 221 1344 ejus
240 1295 398 1330 molares
420 1305 461 1330 ut
487 1308 531 1329 ex
555 1308 661 1344 supra
689 1295 786 1332 dicta
813 1296 1059 1344 descriptione
1080 1306 1202 1344 patet,
1233 1309 1310 1331 non
1336 1296 1648 1346 haemisphaerici.
1677 1299 1752 1335 Sed

146 1366 192 1389 ex
215 1352 287 1388 illis
306 1351 623 1400 haemisphaericis
646 1352 793 1387 Blochii
817 1358 938 1389 venire
965 1363 1136 1401 possuut;
1160 1353 1266 1400 (ergo
1287 1353 1472 1389 diversitas
1492 1361 1626 1403 speciei
1639 1355 1666 1402 ‚)
1689 1365 1751 1391 aut

145 1421 191 1444 ex
205 1415 300 1457 spari
320 1408 489 1443 dentibus
504 1408 754 1443 maxillaribus
774 1414 895 1456 potius
918 1418 1065 1442 exortus
1081 1418 1133 1443 est
1147 1408 1337 1446 butonites.

216 1468 259 1502 In
280 1477 364 1499 meo
388 1470 512 1500 cranio
534 1464 753 1499 anarhichae
772 1465 849 1512 lupi
869 1464 960 1499 infra
981 1464 1066 1499 loco
1088 1470 1174 1500 ossis
1197 1465 1414 1513 sphenoidei
1430 1495 1437 1511 ‚
1453 1480 1493 1502 os
1516 1467 1670 1516 longum
1690 1482 1751 1504 ca-

143 1528 325 1566 rinatum‚
347 1521 541 1556 suburbitis
567 1521 708 1555 inferne
734 1526 867 1569 apertis
895 1520 1138 1568 productum3
1163 1521 1263 1557 unde
1290 1522 1462 1559 musculis
1486 1525 1676 1560 maxillam
1695 1531 1750 1560 in—

143 1579 314 1614 feriorem
333 1578 565 1613 moventibus
584 1583 742 1626 spatium
762 1576 1039 1625 amplissimum.

215 1638 259 1671 In
280 1641 423 1669 minore
443 1633 596 1669 Olassen
616 1640 743 1682 utique
766 1634 892 1669 dentes
912 1634 1072 1668 diversos
1095 1633 1181 1670 facit
1203 1648 1222 1669 a
1248 1635 1345 1683 lupo.

216 1690 452 1726 Auarhichae
464 1701 614 1736 etymon
632 1691 733 1726 aliud
748 1703 824 1725 11011
843 1695 997 1737 reperiO,
1013 1695 1080 1724 nisi
1099 1691 1198 1737 quod
1215 1692 1484 1728 arthc'clzastai
1494 1703 1555 1728 aut
1570 1695 1752 1730 amorrhi-

144 1748 306 1784 chasma·
324 1746 511 1793 Hesycliio
533 1757 569 1782 et
589 1747 736 1791 Suidae,
752 1746 920 1782 manibus
941 1756 976 1780 et
996 1746 1150 1794 pedibus
1164 1752 1201 1780 in
1222 1747 1337 1782 altum
1354 1750 1547 1795 scandere,
1562 1761 1624 1786 aut
1641 1758 1751 1786 etiam

143 1804 357 1854 simpliciter
377 1804 552 1839 scandere
571 1804 762 1852 significet.
790 1803 917 1838 Sutdas
933 1803 1314 1839 cumrrlziclwmetzos
1335 1812 1489 1853 exponit
1504 1820 1568 1855 per
1589 1807 1750 1856 prehen-

144 1865 255 1907 dens,
278 1868 474 1910 arripiens,
498 1875 571 1910 quo
594 1875 703 1897 sensu
725 1862 832 1911 lupus
855 1868 979 1896 omnia
1002 1867 1174 1908 arripiens
1198 1872 1234 1896 et
1252 1862 1425 1898 mordens
1447 1864 1661 1900 anai-hubas
1682 1871 1750 1900 uti-

144 1932 217 1969 que
241 1919 311 1954 dici
331 1928 460 1966 potest.
489 1918 562 1954 Sed
583 1931 654 1967 qua
681 1924 899 1954 auctoritate
921 1923 1217 1953 terminationem
1243 1918 1354 1954 habet
1379 1921 1589 1957 Liiinaeus?
1615 1924 1661 1958 Et
1685 1934 1751 1971 per

144 1976 283 2025 duplex
300 1974 502 2012 relferenda
522 1988 595 2011 vox
610 1986 672 2012 est.
702 1975 886 2018 Gesnerus
904 1981 1164 2022 interpretatur
1187 1987 1358 2011 scansor.

325 2054 879 2098 STERNOPTYX
925 2054 1370 2098 DIAPHANA.
1415 2058 1577 2101 Nobis.

219 2125 348 2172 Caput
361 2125 555 2160 obtusam.
579 2125 631 2160 Os
645 2128 802 2161 simum.
822 2126 972 2160 Dentes
993 2127 1264 2160 mirmtc'ssimc'.
1278 2127 1520 2162 Membrana
1538 2128 1747 2164 bfzzzzcehio-

143 2191 256 2228 stega
271 2181 398 2216 nulla.
429 2182 570 2227 Corpus
587 2195 849 2228 compressum
864 2209 876 2225 ,
892 2181 1162 2229 alepiclocmn,
1177 2192 1306 2218 sterno
1325 2188 1534 2228 carinam,
1556 2184 1748 2232 bifariam

141 2239 293 2287 plicato
303 2253 322 2280 ,·
346 2238 561 2275 abdomine
577 2239 789 2287 pelluciclz).
1404 2289 1438 2323 O

1455 2301 1477 2323 0
