2054 2748
291 167 369 225 158
669 173 1136 207 OBSERVATIONES
1184 174 1538 203 zooLocicAn

284 262 480 299 Denticuli
501 261 672 297 maxillae
687 265 879 308 superioris
899 256 1038 306 duplici
1052 263 1151 293 serie.
1173 256 1322 292 Collum
1337 262 1441 305 cygni
1455 262 1634 294 mansueti
1651 269 1755 293 more
1773 268 1889 305 gesta-

284 326 344 357 Vll'.
374 320 510 368 „Aspel'a
526 325 655 355 arteria
675 318 850 352 ssCXUI'ssln
868 314 963 350 seClt.

842 419 1329 463 ANASOLOR

354 521 424 555 Ao.
443 526 472 561 ,1.
501 517 623 564 (1796.
651 522 775 566 primis
796 517 981 552 Februarii
1006 517 1153 565 diebus)
1181 527 1264 565 post
1289 520 1573 551 intensissimum
1603 515 1888 564 diuturnumque

283 576 368 624 gelu
381 605 389 621 ⁷
414 574 512 623 quod
533 583 676 619 tamen,
696 579 785 609 mira
808 587 883 618 res,
903 573 1044 609 nullam
1060 574 1172 609 aliam
1189 580 1362 608 rariorem
1386 572 1573 607 borealem
1593 585 1697 608 avem
1718 573 1888 618 adduxit,

283 640 320 668 in
341 631 457 667 insula
479 630 599 665 Rheni
620 640 773 666 venator
797 631 930 666 eodem
957 630 1070 678 globo
1096 629 1273 678 plumbeo
1300 641 1438 664 marem
1461 629 1709 676 feminamque
1736 630 1886 675 trajecit.

282 691 364 725 Mas
383 698 518 724 statura
542 693 615 722 mei
641 687 777 733 adulti,
809 697 967 722 rostrum
994 686 1121 721 habuit
1150 687 1225 721 basi
1247 692 1393 734 nigrum
1420 691 1497 720 sine
1526 697 1608 720 cera
1634 685 1693 719 vel
1720 685 1888 732 gibbere,

280 746 421 794 reliqua
441 754 544 794 parte
565 743 691 790 rubra,
712 744 785 779 fere
807 750 968 780 miniata.
996 745 1146 778 Femina
1165 749 1298 791 pariter
1317 742 1421 787 alba,
1441 741 1541 777 collo
1561 741 1687 789 paullo
1707 741 1887 776 sordidius

279 802 365 837 albo
380 831 389 848 ‚
408 808 527 851 capite
551 807 721 846 cinereo;
744 806 852 836 rostri
875 810 977 849 parte
1004 799 1112 834 rubra
1134 812 1211 833 non
1235 808 1311 834 tam
1330 803 1498 844 miniata,
1523 810 1634 846 quam
1661 803 1782 845 potius
1804 808 1888 846 pur-

278 871 391 906 purea
407 887 416 904 7
446 857 964 906 (cinnaberino-carmesino.)

352 943 484 979 Solent
504 956 663 991 cygnum
683 954 915 978 mansuetum
935 956 956 977 a
983 942 1059 977 fero
1080 943 1324 988 distinguere,
1349 939 1451 988 quod
1471 945 1510 974 in
1532 938 1598 974 illo
1620 950 1744 986 aspera
1759 943 1887 973 arteria

279 1001 455 1034 flexuram
477 1011 555 1033 non
574 999 683 1034 faciat
704 1009 744 1033 ut
767 1005 803 1033 in
820 999 891 1033 hoc
906 1027 914 1041 ⁷
942 1010 1063 1046 neque
1082 1004 1119 1031 in
1141 1003 1253 1032 sterni
1275 1002 1468 1031 cavitatem
1487 1001 1690 1042 recipiatur.

352 1048 452 1093 Quid
473 1060 557 1083 vero
583 1054 612 1081 si
636 1053 674 1081 in
693 1057 849 1094 utroque
870 1052 933 1091 sit,
961 1057 997 1082 et
1017 1045 1221 1081 differentia
1240 1044 1330 1079 haec
1354 1043 1591 1078 solummodo
1612 1055 1718 1077 sexus
1742 1049 1809 1088 sit,
1836 1049 1887 1077 uti

278 1109 317 1138 in
336 1103 414 1137 aliis
437 1109 553 1138 atratis
578 1103 778 1150 speciebus.

352 1159 492 1194 Saltem
520 1165 557 1193 in
587 1172 704 1206 cygno
733 1170 844 1207 parvo
868 1186 875 1203 ‚
904 1163 1073 1203 cinereo,
1104 1157 1204 1202 fero,
1230 1169 1336 1205 supra
1364 1155 1522 1192 breviter
1542 1155 1746 1203 descripto,
1779 1168 1889 1204 quem

277 1216 432 1260 sartum,
462 1227 547 1250 cum
568 1215 719 1250 thorace
739 1225 776 1250 et
795 1214 942 1250 trachea
968 1220 1162 1262 separatim
1184 1219 1424 1262 praeparatis,
1452 1224 1648 1256 conservo,
1669 1211 1804 1247 flexura
1823 1212 1888 1247 illa

277 1282 313 1306 et
333 1278 466 1307 cavitas
487 1271 620 1306 adsunt
639 1277 776 1320 utique.
804 1270 878 1306 Sed
897 1271 1016 1306 habeo
1041 1276 1152 1306 etiam
1171 1271 1349 1316 majorem
1368 1269 1505 1314 multo,
1523 1279 1559 1304 et
1575 1268 1739 1304 similiter
1756 1269 1889 1304 flexam

275 1328 463 1363 tracheam
478 1334 585 1375 cygni
600 1328 675 1363 albi
690 1328 776 1372 feri,
801 1329 871 1362 Ao.
891 1331 990 1374 1784.
1013 1333 1129 1374 capti,
1150 1332 1208 1361 cui
1228 1338 1308 1361 cera
1330 1336 1382 1361 est
1398 1326 1496 1361 [lava.
1524 1328 1564 1361 In
1586 1326 1654 1360 hac
1673 1327 1802 1372 majori
1816 1336 1898 1373 tra-⁸

277 1383 369 1418 chea
389 1383 518 1417 annuli
546 1384 636 1417 mihi
664 1384 835 1418 videntur
853 1389 1094 1429 proportione
1114 1382 1260 1414 latiores
1284 1392 1319 1415 et
1347 1388 1461 1427 magis
1486 1382 1708 1428 irregulares.
1739 1382 1886 1428 (Doleo

276 1445 315 1474 in
341 1439 409 1474 hac
432 1440 571 1485 majore
590 1438 683 1473 nihil
704 1443 882 1486 portionis
903 1446 1042 1481 rectae,
1066 1448 1159 1484 quae
1178 1447 1242 1484 per
1263 1436 1404 1470 collum
1424 1436 1582 1471 decurrit
1603 1447 1689 1471 ante
1712 1436 1888 1472 flexuram

277 1494 432 1540 factam,
457 1504 712 1529 conservatum
731 1506 828 1538 esse,
853 1505 946 1540 quae
965 1498 1003 1526 in
1023 1492 1167 1527 trachea
1190 1498 1333 1526 minore
1354 1492 1512 1527 annulos
1532 1499 1633 1540 quasi
1657 1506 1831 1540 granosos
1851 1504 1888 1529 et

277 1551 352 1586 fere
371 1550 593 1599 granulatim
615 1550 825 1598 exsculptos
843 1548 1022 1596 exhibet.)
1051 1548 1227 1583 Notabile
1247 1558 1283 1584 et
1301 1548 1395 1583 illud
1410 1554 1448 1583 in
1471 1558 1625 1596 utraque
1644 1548 1714 1584 hac
1738 1549 1887 1586 trachea

278 1618 485 1643 extremum
513 1607 656 1642 dilatari
683 1613 784 1655 quasi
811 1612 847 1641 in
876 1605 1003 1641 tubam
1032 1618 1077 1640 ex
1106 1611 1246 1653 integra
1270 1605 1481 1653 cartilagine
1505 1605 1659 1650 factam,
1691 1606 1755 1641 sed
1779 1607 1887 1642 valde

278 1676 547 1712 compressam,
581 1665 682 1709 cujus
710 1668 864 1710 margini
893 1675 1057 1698 concavo
1092 1668 1300 1697 annectitur
1327 1662 1562 1707 membrana,
1589 1661 1688 1696 uncle
1709 1661 1887 1698 bronchia

277 1732 432 1765 exeunt,
464 1727 513 1756 ita
535 1731 574 1755 ut
602 1733 648 1755 ex
676 1720 750 1756 lata
777 1730 812 1755 et
841 1731 1047 1767 compressa
1070 1719 1178 1754 tubae
1204 1718 1295 1754 facie
1324 1728 1455 1753 exeant
1471 1746 1479 1761 ,
1507 1731 1600 1766 quae
1619 1731 1752 1766 nempe
1776 1724 1824 1754 ita
1847 1725 1886 1755 in

277 1777 457 1826 pulmone
477 1783 593 1825 posita
620 1787 691 1822 est,
717 1787 757 1812 ut
777 1782 973 1825 compressi
992 1782 1173 1823 margines
1194 1775 1303 1810 tubae
1327 1775 1497 1810 dextrum
1521 1785 1557 1810 et
1585 1781 1767 1810 sinistrum
1791 1775 1886 1811 latus

277 1839 494 1882 respiciant,
517 1834 615 1868 unde
642 1834 905 1868 bronchiarum
923 1833 1058 1867 orificia
1086 1844 1151 1880 per
1181 1844 1274 1879 quae
1303 1844 1386 1866 cum
1418 1831 1564 1866 trachea
1587 1837 1884 1878 communicant,

277 1890 384 1926 valde
407 1899 559 1937 angusta
582 1900 617 1925 et
637 1895 738 1938 quasi
761 1890 910 1925 linearia
938 1888 1104 1924 evadant.
1131 1889 1173 1922 In
1193 1890 1331 1934 majore
1354 1894 1421 1924 ista
1444 1887 1591 1923 trachea
1612 1887 1813 1923 bronchiae
1836 1889 1884 1924 ad

279 1946 464 1982 decimum
485 1945 557 1980 fere
574 1952 743 1993 quintum
761 1945 941 1981 annulum
957 1943 1211 1979 dilatationem
1234 1945 1396 1994 aliquam
1416 1945 1554 1980 faciunt
1570 1973 1578 1990 ,
1599 1957 1692 1993 quae
1710 1957 1776 1993 per
1790 1945 1882 1980 duo-

279 2003 400 2038 decim
427 2007 568 2037 circiter
593 2003 749 2038 annulos
773 2002 991 2038 extenditur.
1018 2000 1255 2035 Annulorum
1279 2001 1537 2037 bronchiarum
1558 2001 1786 2048 cartilagines
1805 2001 1882 2037 aliis

279 2058 550 2106 cartilaginibus
563 2072 645 2093 cum
660 2065 835 2107 proximis
849 2060 1141 2105 conjunguntur,
1153 2067 1192 2093 ut
1205 2064 1306 2105 quasi
1317 2059 1521 2094 areolatum
1533 2071 1623 2107 opus
1636 2058 1722 2093 inde
1737 2064 1881 2094 oriatur.

351 2115 423 2150 Sed
442 2125 626 2163 praeterea
659 2122 769 2150 etiam
793 2127 969 2151 conservo
997 2113 1187 2150 tracheam
1213 2127 1258 2149 ex
1278 2128 1395 2163 cygno
1424 2115 1497 2150 sere
1517 2121 1786 2160 cinerascente,
1811 2116 1881 2150 Ao.

281 2173 382 2219 1784.
420 2174 592 2207 Januario
641 2172 840 2207 Benfeldae
870 2172 917 2207 ad
951 2171 1075 2207 Ellam
1112 2181 1231 2220 capto,
1276 2172 1398 2219 Atque
1430 2171 1520 2206 haec
1552 2170 1699 2207 trachea
1737 2183 1880 2219 prorsus

279 2238 332 2264 est
351 2238 467 2275 recta,
495 2238 531 2264 et
550 2227 613 2264 ubi
631 2227 832 2264 bronchiae
854 2234 1053 2277 incipiunt,
1079 2234 1118 2264 in
1140 2228 1251 2276 plane
1278 2228 1384 2264 aliter
1409 2227 1604 2266 formatam
1631 2227 1879 2276 cartilaginem
