2054 2748
250 180 304 230 42
609 184 1080 216 OBSERVATIONES
1126 185 1493 215 ZOOLOGICAE.

322 271 438 307 Pedes
453 277 670 320 posteriores
688 271 792 305 nullo
813 269 926 304 modo
947 275 1061 316 magis
1083 269 1281 316 compedes
1304 281 1414 316 quam
1432 275 1471 304 in
1491 270 1536 305 L.
1558 270 1733 318 vulgari.

322 329 379 363 Ex
407 328 535 377 quibus
566 328 736 363 omnibus
764 339 883 374 neque
913 326 1019 361 lucra
1045 329 1205 360 marina
1229 326 1495 370 Scelleriarzcz‚
1516 340 1657 375 neque,
1683 339 1797 376 quum
1818 336 1856 363 et

249 391 442 433 praecipue
462 385 604 420 nullam
624 384 806 419 maculam
830 383 965 418 luteam
986 389 1023 417 in
1046 382 1130 431 gula
1146 382 1280 418 habeat
1300 384 1423 429 etjam
1441 385 1578 430 juvenis
1599 390 1697 419 canis
1712 384 1855 419 medio-

249 448 317 476 cris
337 442 589 490 magnitudine
612 447 655 476 sit
678 453 786 488 quam
814 441 897 487 jijae
919 441 1168 488 Maregravius
1187 439 1379 484 adscribit,
1407 440 1628 475 brasiliana
1654 442 1761 476 lucra
1781 453 1856 475 esse

249 498 414 545 videtur,
438 511 531 547 quae
553 505 698 545 insuper
716 497 871 532 caudam
897 497 1061 545 glabram
1079 496 1209 541 habet,
1234 502 1397 545 quamvis
1417 509 1520 531 more
1542 497 1648 544 hujus
1667 509 1770 533 meae
1794 498 1855 533 de-

248 567 428 603 pressam,
453 555 600 604 qualem
623 553 795 590 describit
812 555 975 590 Barre're
991 555 1146 589 France
1162 554 1360 601 Eqnmox.
1383 566 1418 602 p.
1446 554 1520 589 155.

483 679 873 723 MUSTELA
924 679 1385 723 LUTREOLA.
1445 681 1617 723 LINN.

320 793 362 825 ΙΝ
391 788 534 824 duobus
574 802 666 839 quae
700 791 872 839 possideo
901 791 1119 826 animalibus
1144 791 1278 838 digitos
1305 789 1519 825 nullatenus
1546 801 1650 824 more
1679 789 1855 824 lutrarum

248 848 466 893 conjunctos
487 853 650 895 reperio,
680 860 801 896 neque
829 858 986 884 rostrum
1011 848 1143 883 durum
1165 861 1208 882 30
1238 848 1471 895 depressum,
1496 847 1560 882 sed
1590 852 1711 894 potius
1738 852 1791 881 uti
1819 852 1857 880 in

246 904 409 940 mustelis
428 904 656 952 vulgaribus3
680 911 729 940 ita
756 916 795 941 ut
819 912 915 941 iuter
938 906 1050 941 lutras
1073 918 1150 940 non
1173 910 1427 953 quaesiissem,
1449 910 1518 938 nisi
1537 902 1675 937 animal
1702 915 1857 938 nossem.

246 964 389 1006 Unum,
416 967 550 1006 minus7
572 962 877 1009 colorepaulum
897 962 1136 1011 profundiore
1156 972 1210 997 est
1233 974 1345 1010 quam
1363 962 1498 1007 majus,
1522 966 1581 994 cui
1599 959 1745 995 macula
1763 965 1858 994 inter

245 1018 357 1066 pedes
371 1025 571 1053 anteriores
587 1018 680 1053 alba.
1616 1021 1618 1024 ’

319 1078 419 1109 Cutis
443 1087 552 1123 quam
569 1081 718 1109 nomine
733 1076 855 1109 Noerz
878 1075 1032 1122 (filet-elz
1054 1075 1178 1110 Suecis
1197 1085 1233 1110 et
1248 1073 1687 1121 Mecklenburgensibus,
1703 1073 1764 1108 ubi
1779 1073 1858 1109 vul-

245 1132 356 1180 garis)
381 1145 426 1166 ex
449 1132 626 1167 nundinis
651 1132 897 1180 Lipsiensibus
920 1134 990 1166 Ao.
1019 1137 1282 1180 179..aceepi,
1311 1141 1347 1166 et
1367 1144 1478 1180 quam
1499 1130 1594 1165 hane
1619 1143 1695 1165 esse
1718 1143 1858 1166 asseve-

244 1195 335 1225 ravit
360 1188 493 1236 pellio,
526 1195 574 1224 ita
599 1202 636 1224 se
658 1189 806 1235 habuit,
832 1199 1029 1238 postquam
1053 1188 1145 1224 farta
1171 1199 1258 1224 erat.
1295 1188 1380 1222 Pili
1407 1187 1562 1236 qualitas
1588 1193 1715 1236 utique
1743 1193 1858 1235 magis

244 1244 361 1279 lutrae
381 1256 493 1292 quam
508 1244 649 1290 filinae,
671 1245 776 1279 color
792 1245 904 1292 paulo
925 1245 1152 1292 profundior.
1184 1246 1312 1292 Caput
1328 1250 1544 1289 minimum,
1565 1250 1678 1279 cranii
1700 1251 1857 1293 occipite

243 1306 295 1335 uti
317 1310 415 1335 tactu
440 1306 608 1348 percepi,
633 1306 807 1335 carinato.
844 1300 977 1334 Labia
1000 1300 1213 1335 nullatenus
1240 1301 1430 1348 depressa,
1454 1313 1570 1334 crassa
1586 1328 1595 1345 ,
1619 1310 1660 1334 ut
1679 1306 1717 1334 in
1744 1301 1858 1337 lutriS.

247 1358 391 1403 Corpus
411 1369 569 1389 crassum
583 1383 591 1399 ,
617 1356 793 1402 amplum.
822 1358 952 1400 Margo
974 1357 1149 1392 maxillae
1171 1357 1349 1391 inferioris
1373 1356 1478 1391 albus
1501 1370 1586 1391 eum
1606 1366 1743 1391 mento.
1777 1359 1858 1392 Ma-

246 1412 328 1447 cula
348 1417 505 1459 pectoris
527 1417 624 1444 inter
646 1410 785 1444 femora
804 1415 1006 1453 anteriora,
1029 1419 1092 1444 aut
1106 1415 1229 1457 potius
1248 1419 1364 1454 retro,
1391 1410 1484 1444 alba.
1510 1411 1638 1445 Pedes
1654 1418 1776 1458 parvi,
1799 1420 1859 1448 vix

243 1468 397 1518 palmati
414 1496 422 1513 ‚
446 1467 567 1515 dIgitis
587 1479 823 1515 nequaquam
846 1476 886 1501 ut
907 1471 945 1499 in
970 1471 1078 1500 icone
1099 1465 1386 1511 Schreberiana,
1411 1466 1476 1501 secl
1495 1467 1676 1514 unguibus
1692 1468 1858 1504 circulari

244 1526 341 1561 linea
367 1530 656 1573 circumscriptis.
692 1524 832 1558 Gauda
855 1522 1007 1558 dimidia
1034 1522 1267 1570 longitudine
1288 1529 1474 1571 corporis,
1499 1529 1614 1571 magis
1638 1524 1858 1573 cylindrica,

244 1587 474 1618 extremitate
500 1580 719 1616 obscuriore.

319 1639 487 1673 Alterum
511 1644 699 1686 specimen
720 1638 790 1673 Λο.
816 1649 915 1685 1792-
943 1646 1138 1686 acceptum
1162 1646 1297 1672 statura
1317 1642 1460 1671 minore
1476 1666 1484 1682 ⁷
1511 1637 1638 1672 colore
1660 1644 1774 1685 magis
1799 1645 1856 1673 ni-

245 1702 424 1744 gricante,
452 1695 515 1730 secl
533 1695 616 1743 pilis
634 1708 712 1730 non
735 1694 1024 1743 splendentilms.
1050 1696 1172 1729 Etiam
1191 1693 1343 1729 maxilla
1360 1700 1525 1742 superior
1548 1695 1596 1730 311
1615 1707 1744 1730 nasum
1762 1694 1857 1730 alba.

249 1752 445 1800 (Talai.)

464 1852 840 1896 MUSTELA
884 1851 1132 1894 FOINA
1176 1851 1270 1893 ET
1317 1849 1643 1892 MARTES.

318 1965 510 1998 COLLATIS
530 1969 618 1998 meis
642 1956 902 2012 speciminibus
921 1961 1028 1997 video
1051 1961 1191 1996 fuinam
1204 1967 1332 2009 utique
1353 1973 1430 1996 esse
1449 1959 1689 2008 graciliorem.
1718 1961 1857 1996 Martes

249 2033 331 2055 cum
352 2020 480 2055 eadem
496 2020 728 2068 longitudine
752 2020 908 2068 (pedum
926 2018 1084 2053 duorum
1100 2018 1281 2066 pollicum
1304 2024 1432 2063 trium,
1456 2029 1500 2051 ex
1521 2029 1591 2064 qua
1611 2016 1726 2052 cauda
1742 2029 1857 2064 usque

247 2077 292 2112 311
314 2077 473 2125 pilorum
498 2085 767 2113 extremitatem
787 2089 902 2112 uuum
922 2075 1057 2124 pedem
1078 2075 1209 2121 habet)
1235 2081 1385 2110 crassior
1404 2085 1476 2120 est,
1497 2073 1651 2122 pedibus
1670 2073 1856 2108 validiori-

251 2134 314 2169 bus
335 2134 654 2182 longioribusque,
683 2141 784 2169 omni
812 2144 945 2169 statura
972 2144 1008 2168 et
1035 2132 1190 2182 pedibus
1213 2132 1455 2168 anterioribus
1480 2131 1668 2166 latioribus
1695 2131 1857 2165 densius-

248 2204 320 2239 que
340 2191 465 2239 pilosis
487 2198 598 2239 magis
621 2192 667 2226 ad
687 2192 897 2228 zibellinam
916 2190 1185 2228 accedentibus.
1213 2193 1333 2238 Caput
1354 2189 1460 2225 latius
1483 2194 1596 2235 magis
1616 2187 1856 2235 triangulare:

248 2248 370 2284 soinae
394 2255 507 2297 magis
530 2260 687 2286 ovatum.
