2054 2748
770 131 1161 161 MAMMALIA,
1711 137 1764 179 77

165 229 247 255 mea
267 218 439 254 dormivit
452 245 462 264 ‚
482 226 519 254 et
536 222 587 254 ita
605 214 760 265 pedibus
781 214 968 251 scabendo
988 213 1197 260 mulctavit,
1213 222 1254 250 ut
1272 212 1386 249 altera
1404 218 1482 249 vice
1496 216 1671 254 subucula
1686 227 1763 255 tota

165 286 259 311 esset
287 281 478 310 conscissa.

235 331 471 380 Quandoque
486 330 794 380 petulantissimus
814 338 851 365 et
870 327 1063 364 colludens
1080 340 1227 364 mecum
1244 327 1373 376 palmis
1389 337 1424 363 et
1437 334 1539 376 quasi
1554 341 1618 377 per
1637 333 1761 376 jocum

162 387 353 423 dimicans.
380 388 617 437 Quandoque
637 397 761 423 tamen
779 392 888 421 etiam
906 391 1178 432 immorigerus,
1195 397 1373 431 morosus,
1387 385 1567 433 unguibus
1587 399 1663 421 non
1679 402 1762 425 casu

161 443 226 479 sed
249 444 419 480 consulto
443 445 614 494 projectis
634 442 786 491 palmiS,
821 454 881 476 me
904 441 1096 476 mulctans.

233 510 435 559 Postquam
451 512 526 556 jam
543 507 626 556 plus
648 519 760 556 quam
778 512 866 542 anni
887 511 1007 554 spatio
1030 505 1215 550 alueram,
1241 507 1315 552 jam
1340 505 1491 542 tandem
1515 507 1642 544 didicit
1669 514 1764 547 inter

161 563 251 600 duas
280 565 453 601 fenestras
479 564 722 610 adscendere,
758 573 794 599 et
821 575 887 611 per
918 567 1142 611 superiorem
1168 573 1330 610 apertam
1357 569 1395 598 in
1425 576 1547 599 aream
1575 576 1761 614 spectare,

159 623 263 671 quod
288 633 394 658 antea
416 621 534 657 facere
559 634 639 657 non
667 621 820 656 solebat.
847 620 955 656 Adeo
983 619 1056 654 hoc
1080 628 1247 667 tempore
1274 625 1384 654 etiam
1409 626 1607 668 morigerus
1627 622 1761 670 factus,

159 689 200 714 ut
217 690 329 713 nuces
356 678 424 713 sibi
448 684 537 727 eripi
568 687 776 726 pateretur,
809 683 899 725 quin
926 677 1138 721 morderet,
1165 675 1393 723 obganniens
1422 687 1544 713 tamen
1574 678 1683 716 allisis
1714 682 1762 717 ad

161 746 199 769 se
220 734 367 770 duobus
382 734 596 770 incisoribus
616 733 846 770 inferioribus
865 744 902 770 et
925 739 1134 782 grunniens.

228 801 362 835 Versus
390 799 503 835 finem
522 799 713 835 Fructiferi-
737 805 871 834 mensis
897 804 1014 847 prima
1040 804 1118 835 vice
1146 804 1398 847 immorigerus
1417 804 1510 835 visus
1525 826 1534 844 ,
1560 802 1636 836 nec'
1654 801 1761 839 facile

156 855 336 904 prehendi
350 868 387 891 se
408 869 531 904 passus
546 883 555 901 ,
573 866 614 892 ut
632 855 720 891 alias
733 884 742 901 ,
764 868 834 891 nec
854 855 1024 891 lubenter
1043 868 1173 891 caveae
1193 856 1334 891 includi
1351 868 1389 890 se
1403 861 1554 903 patiens.
1583 858 1645 891 An
1660 860 1761 906 quod

155 912 228 946 hoc
252 918 365 948 oestri·
379 918 525 948 venerei
544 923 687 960 tempus
710 913 788 948 est?
815 913 915 947 Toto
938 912 1050 947 horae
1073 912 1277 961 quadrante
1298 911 1504 949 avellanam
1523 925 1586 948 ore
1605 919 1760 951 circum-

154 968 239 1004 tulit
254 996 261 1014 ‚
286 969 437 1004 ubinam
455 968 698 1004 absconderet
715 975 883 1004 incertus.

225 1034 267 1068 In
285 1038 364 1067 sinu
383 1032 497 1067 foveri
516 1032 666 1081 quidem
684 1041 783 1067 amat
797 1060 806 1077 ‚
830 1032 896 1068 sed
913 1032 1033 1069 subito
1057 1032 1210 1069 exiliens
1223 1062 1232 1080 ,
1255 1033 1437 1083 unguibus
1460 1034 1594 1071 caedit:

225 1098 332 1133 Adeo
355 1097 578 1146 quandoque
599 1107 787 1146 protervus
800 1125 809 1142 ‚
834 1107 876 1133 ut
893 1104 1001 1133 uxori
1018 1111 1122 1134 meae
1149 1099 1307 1134 insidens
1331 1109 1367 1134 et
1392 1099 1529 1135 blande
1547 1113 1584 1135 se
1602 1098 1758 1148 hahens,

153 1153 273 1189 subito
296 1160 335 1188 in
357 1154 549 1189 brachium
567 1154 792 1189 denudatum
814 1153 999 1199 insilierit,
1027 1165 1063 1190 et
1085 1155 1308 1191 lasciviendo
1337 1156 1518 1203 unguibus
1546 1157 1757 1202 inhaeserit,

152 1209 390 1258 plurimisque
419 1216 458 1244 in
477 1210 569 1244 locis
587 1210 850 1254 momorderit,
874 1220 915 1244 ut
941 1220 1062 1245 totum
1083 1211 1273 1246 brachium
1300 1218 1464 1245 saucium
1494 1223 1596 1246 esset.
1624 1213 1715 1247 Filia
1738 1225 1758 1248 e

154 1272 337 1301 contrario
351 1294 360 1311 ,
379 1265 494 1301 sicubi
513 1278 532 1299 e
556 1265 641 1299 loco
666 1265 860 1309 avelleret,
881 1277 954 1312 quo
975 1271 1106 1299 intrare
1125 1277 1209 1299 eum
1224 1265 1345 1300 noluit
1360 1292 1369 1310 ,
1394 1271 1504 1300 etiam
1519 1266 1662 1302 inflictis
1678 1266 1758 1315 pla-

153 1326 204 1368 gis
229 1334 357 1356 manus
377 1321 499 1368 palma
516 1327 664 1354 incussis
685 1327 838 1366 tergori,
858 1320 975 1354 facere
993 1321 1031 1354 id
1053 1331 1174 1366 posset
1193 1326 1352 1366 impune.

222 1386 264 1418 In
293 1383 388 1417 filiae
412 1393 558 1417 saccum
581 1392 688 1428 saepe
718 1392 755 1414 se
784 1380 988 1415 introduxit
1016 1390 1052 1415 et
1081 1387 1201 1429 capite
1227 1392 1368 1417 exserto
1393 1383 1519 1430 lepido
1547 1385 1662 1420 modo
1690 1393 1756 1422 cir-

150 1445 364 1487 ciunspexit.
392 1437 565 1474 Manibus
591 1449 814 1486 quocunque
832 1436 946 1471 modo
966 1436 1164 1484 prehendi,
1189 1443 1326 1485 premi,
1353 1438 1552 1485 verberari,
1579 1453 1642 1476 ore
1664 1455 1755 1478 con-

150 1507 251 1533 tenta
270 1501 378 1544 eripi,
406 1493 544 1530 collare
563 1493 807 1541 circumligari
827 1493 872 1527 ab
889 1492 952 1527 illa
965 1505 1002 1527 se
1016 1493 1230 1541 patiebatur.
1257 1496 1391 1530 Levem
1407 1502 1621 1543 grunnitum
1639 1501 1752 1535 modo

151 1553 373 1601 quandoque
401 1551 552 1596 edebat,
591 1561 653 1585 aut
678 1559 713 1584 et
744 1549 919 1598 vapulans
947 1559 1087 1585 arrecto
1118 1556 1238 1599 capite
1265 1564 1307 1586 ac
1335 1558 1436 1600 quasi
1471 1553 1754 1592 meditabundus

149 1609 300 1645 sedebat
320 1636 328 1654 ⁷
355 1621 465 1657 quam
484 1607 533 1642 ob
558 1619 704 1643 causam
724 1612 772 1642 ita
793 1606 1026 1655 plecteretur.

220 1677 262 1709 In
276 1686 401 1708 mensa
415 1673 546 1708 sedens
565 1673 679 1708 cauda
694 1682 845 1707 extensa
863 1683 1085 1719 mensaeque
1099 1671 1357 1718 incumbente,
1378 1673 1518 1722 palpari
1533 1687 1614 1710 eam
1629 1688 1754 1725 manu,

148 1741 184 1767 et
201 1741 348 1765 mensae
367 1734 521 1777 apprimi
549 1741 672 1776 passus
702 1737 776 1772 est,
804 1728 908 1762 avide
928 1727 1066 1762 scilicet
1093 1735 1211 1776 pastui
1233 1735 1415 1775 intentus,
1436 1731 1500 1766 sed
1518 1739 1752 1780 quotiescun-

148 1801 220 1836 que
239 1799 367 1821 manus
395 1785 654 1830 amovebatur,
673 1794 832 1820 erectam
851 1783 1007 1819 caudam
1027 1790 1178 1832 quatiit,
1198 1792 1299 1834 quasi
1321 1786 1367 1822 ab
1386 1787 1509 1835 aliqua
1531 1789 1752 1827 adhaerente

146 1857 185 1880 re
205 1844 429 1879 liberaturus,

220 1900 433 1948 Aliquando
459 1913 479 1935 a
505 1899 673 1935 canicula
691 1904 892 1947 exagitatus
912 1907 1012 1934 recta
1038 1903 1077 1934 in
1099 1897 1228 1935 faciem
1254 1911 1376 1936 meam
1400 1900 1599 1949 involavit,
1626 1913 1663 1939 et
1680 1917 1748 1939 un-

146 1957 274 2006 guibus
298 1962 479 1992 sauciavit.

217 2023 278 2057 De
306 2034 431 2057 mensa
461 2028 658 2058 successive
681 2034 794 2057 nuces
822 2021 955 2058 multas
983 2021 1153 2069 abstulit,
1185 2034 1329 2073 semper
1350 2031 1510 2073 primum
1532 2036 1652 2061 erecto
1678 2031 1746 2060 situ

147 2077 306 2113 sedendo
342 2084 442 2127 quasi
470 2092 614 2114 rosurus
640 2085 693 2113 ori
714 2079 898 2124 admovit,
930 2089 1008 2113 tum
1032 2090 1100 2115 tres
1124 2081 1257 2116 eodem
1287 2081 1398 2127 loco,
1434 2093 1568 2118 ceteras
1600 2082 1745 2116 diversis

147 2133 395 2180 abscondidit,
412 2136 499 2171 alias
515 2143 553 2171 in
568 2136 678 2171 scobe
699 2135 820 2184 lignea
833 2163 842 2179 ,
862 2135 994 2184 palmis
1016 2136 1166 2171 scobem
1186 2149 1330 2173 verrens
1349 2149 1384 2174 et
1408 2138 1563 2184 desuper
1575 2150 1746 2173 accumu-

147 2189 234 2225 lans.
263 2193 407 2227 Ceteras
427 2199 520 2228 inter
540 2193 654 2230 lintea
668 2221 677 2239 ,
703 2193 892 2238 culcitras,
915 2191 1075 2240 chartas,
1101 2193 1268 2242 aliaque,
1293 2195 1358 2231 sed
1379 2195 1511 2230 eodem
1532 2193 1650 2228 modo·
1664 2193 1744 2242 pal-
