2054 2748
268 159 324 212 74
623 161 1100 194 OBSERVATIONES
1142 161 1522 193 ZOOLOGICAE.

342 249 506 286 Melonis
526 248 683 285 fructum
703 260 848 297 prorsus
871 259 949 281 non
973 252 1101 295 tangit.

342 310 384 343 In
408 307 497 342 orbe
528 306 661 342 eodem
687 311 792 354 posui
821 304 910 339 duas
942 303 1084 339 tabulas
1108 303 1274 339 radicum
1308 302 1427 339 solani
1459 304 1637 340 esculenti
1669 314 1877 351 coctarum,

269 377 429 414 prunum
452 364 696 399 domesticum
718 372 753 396 et
776 373 911 395 nucem
939 360 1165 408 juglandem.
1193 360 1370 396 Radicem
1392 361 1512 397 solani
1542 368 1702 411 primum
1725 362 1876 398 abstulit

270 432 461 470 totamque
490 426 635 456 voravit.
676 420 808 453 Postea
838 417 957 465 objeci
977 418 1192 466 juglandem
1220 423 1410 466 putamine
1438 431 1503 454 suo
1527 420 1633 455 viridi
1658 419 1778 454 adhuc
1808 419 1874 454 ob-

272 479 431 515 ductam.
473 480 578 512 Hanc
607 475 766 510 abstulit.
794 477 918 510 Nuces
946 488 1091 524 semper
1115 475 1368 512 circumvolvit
1400 486 1437 511 et
1463 476 1511 511 ad
1535 485 1697 511 suturam
1722 483 1880 524 primum

271 536 418 571 arrodit.
448 532 609 568 Abstulit
632 545 782 580 quoque
806 531 1005 567 cuticulam
1024 533 1170 579 nuclei,
1201 533 1264 568 sed
1292 543 1467 578 putamen
1491 533 1657 581 ligneum
1685 545 1764 568 non
1786 539 1881 568 inte-

271 605 376 640 grum
399 590 557 626 abstulit.
584 590 683 624 Tum
696 589 832 625 furatus
851 600 904 625 est
926 603 1087 638 prunum
1100 590 1379 635 damascenum,
1401 590 1503 638 quod
1524 590 1719 625 dimidium
1736 599 1881 625 tantum

271 649 461 697 deglubit,
489 647 757 696 dimidiumque
776 653 925 683 voravit.
954 647 1123 682 Saturem
1147 647 1240 683 adeo
1264 647 1371 682 fuisse
1391 657 1545 695 oportet.
1573 647 1646 681 Sed
1671 646 1883 682 immediate

274 716 357 755 post
396 704 570 739 taleolam
595 704 725 739 radicis
752 704 871 739 solani
898 703 1021 739 adhuc
1051 711 1190 740 voravit
1208 726 1257 731 -
1279 705 1372 739 adeo
1403 704 1467 739 has
1496 714 1596 740 amat
1619 724 1669 730 ——
1689 715 1883 752 rursusque

272 762 495 811 juglandem.
525 764 609 796 Hoc
634 772 801 810 tempore
824 774 953 811 parum
976 761 1131 797 inhiavit
1156 768 1257 810 pani.

345 822 539 854 Castaneas
563 829 674 854 tostas
693 819 848 867 praefert
868 818 987 853 crudis
1007 846 1016 863 ,
1044 829 1079 853 et
1107 819 1311 853 avidissime
1330 828 1446 856 vorat.

346 877 482 912 Omnia
503 876 646 911 olerum
666 890 799 924 genera
818 876 965 911 amabat
985 903 993 920 ,
1021 885 1055 910 et
1075 888 1120 909 ex
1136 875 1225 910 orbe
1244 875 1418 922 lingebat.
1444 876 1542 923 Ipsas
1562 873 1776 918 lenticulas,
1795 886 1884 921 quas

271 947 350 970 non
369 933 581 981 singulatim
604 933 736 982 palmis
761 939 882 981 cepit,
918 939 1108 981 ipsamque
1137 932 1383 967 cochleariam
1410 937 1650 966 armoraciam
1678 943 1763 966 cum
1790 935 1886 965 mica

273 996 376 1039 panis
408 1000 580 1035 coctam,
621 990 707 1024 licet
734 999 1067 1024 sternutamentum
1096 1002 1202 1037 grave
1230 989 1285 1024 illi
1312 994 1495 1024 excitaret.
1530 989 1692 1023 Vinacea
1728 988 1887 1023 decorti-

276 1054 370 1083 cavit
388 1053 587 1095 acinosque
612 1046 764 1093 dejecit,
792 1052 841 1081 ita
867 1056 906 1080 ut
932 1058 1061 1094 parum
1075 1058 1121 1080 ex
1136 1045 1208 1080 illis
1222 1045 1498 1093 relinqueretur.

348 1106 546 1139 Brassicam
574 1109 772 1151 capitatam
800 1102 949 1138 rubram
975 1109 1114 1139 voravit
1135 1112 1171 1137 et
1197 1115 1300 1150 rapas
1318 1131 1327 1149 ,
1360 1102 1425 1137 sed
1447 1114 1526 1137 non
1547 1101 1610 1136 ubi
1629 1113 1714 1136 cum
1733 1100 1889 1149 pedibus

278 1167 476 1198 vervecinis
498 1170 625 1196 coctae
647 1170 777 1196 essent.

348 1221 530 1252 Brassicae
546 1223 684 1265 crispae
703 1222 817 1264 gratia
833 1228 968 1263 panem
983 1215 1254 1263 similagineum
1268 1216 1444 1252 lactatum
1458 1244 1466 1262 ,
1493 1228 1606 1264 quem
1618 1215 1726 1251 valde
1744 1220 1890 1259 amavit,

276 1274 436 1322 reliquit.
458 1274 534 1308 Aut
553 1279 675 1322 potius
695 1273 891 1308 brassicam
909 1278 1013 1320 panis
1036 1286 1162 1308 amore
1186 1286 1265 1307 non
1292 1273 1451 1321 reliquit.

348 1333 599 1366 Voracitatem
630 1336 668 1365 in
706 1343 814 1365 causa
847 1342 922 1364 esse
958 1330 1090 1377 credo,
1132 1330 1234 1378 quod
1262 1330 1487 1378 quandoque
1519 1334 1708 1366 vomuerit.
1735 1329 1892 1365 Materia

276 1389 411 1434 rejecta
433 1386 500 1420 fuit
528 1386 681 1429 chymus
700 1385 805 1419 albus
826 1396 872 1418 ex
891 1390 1062 1417 comestis
1082 1385 1248 1418 nucibus.

352 1444 480 1477 Ficum
503 1447 637 1476 siccam
661 1440 799 1488 absque
817 1439 893 1474 ulla
920 1445 1107 1474 arrosione
1128 1439 1319 1474 dimidiam
1350 1445 1489 1476 voravit
1509 1452 1517 1475 :
1551 1449 1678 1488 postea
1702 1439 1893 1475 dimidiam

279 1512 386 1538 uvam
407 1510 549 1547 passam
571 1511 578 1532 :
604 1497 666 1531 sed
691 1503 732 1531 iis
756 1496 892 1531 relictis
915 1496 1022 1530 rediit
1041 1496 1088 1530 ad
1107 1509 1252 1543 panem.

354 1558 570 1590 Artocreata
589 1567 697 1602 parva
719 1553 846 1588 olfecit
867 1581 875 1598 ,
911 1565 1032 1600 neque
1064 1558 1194 1600 tetigit.
1220 1552 1293 1587 Sed
1321 1562 1463 1601 partem
1486 1566 1665 1601 panosam
1693 1554 1769 1600 ejus
1789 1565 1892 1601 sepa-

282 1620 388 1650 ratim
409 1612 612 1647 exhibitam
631 1611 735 1645 avidc
766 1616 915 1646 voravit.

355 1672 479 1716 Quum
509 1668 709 1716 aliquando
736 1677 834 1702 satur
867 1667 975 1714 (nam
1003 1679 1132 1702 omnes
1164 1679 1277 1702 nuces
1304 1677 1385 1702 tum
1415 1666 1699 1714 abscondebat,)
1731 1667 1895 1716 undique

283 1728 522 1771 discurreret,
563 1736 599 1760 et
620 1725 773 1774 cupidus
802 1724 974 1773 cupedias
994 1730 1229 1772 conquireret
1258 1737 1360 1759 more
1381 1737 1471 1770 suo,
1497 1724 1627 1759 incidit
1652 1730 1690 1758 in
1711 1737 1824 1759 nuces
1849 1737 1894 1759 ex

283 1798 401 1834 pruno
428 1785 647 1818 damasceno
671 1783 841 1818 residuas.
869 1784 1029 1817 Primam
1057 1781 1226 1816 rodendo
1264 1787 1429 1830 aperuit⁷
1464 1790 1500 1815 et
1530 1780 1705 1815 nucleum
1733 1787 1893 1825 voravit3

285 1841 485 1877 secundam
520 1847 686 1890 aperuit,
725 1839 902 1875 nucleum
938 1840 1091 1886 rejecit:
1142 1849 1280 1874 ceteras
1312 1837 1481 1873 arrodere
1518 1843 1670 1885 coepit,
1711 1837 1776 1872 sed
1805 1850 1896 1872 mox

286 1904 456 1948 seposuit.

359 1957 484 2002 Quum
500 1962 594 1990 inter
613 1955 829 1999 jentandum
843 1961 882 1989 in
904 1965 1013 1989 cavea
1033 1966 1116 1997 sua,
1143 1952 1190 1987 ab
1209 1962 1334 1988 extero
1359 1952 1512 1987 homine
1534 1963 1669 1986 nucem
1687 1957 1895 1999 accepisset,

289 2026 364 2049 non
385 2013 481 2047 hanc
506 2023 545 2047 ut
566 2012 653 2047 alias
676 2012 793 2048 Facere
816 2011 978 2056 solebat,
1004 2010 1068 2045 sed
1088 2023 1222 2058 panem
1252 2009 1369 2045 cossea
1393 2009 1550 2045 lacteata
1573 2009 1775 2052 imbutum,
1794 2009 1895 2056 quod

288 2077 356 2119 ipsi
375 2069 600 2116 jentaculum
619 2081 717 2115 erat,
743 2077 781 2105 in
803 2070 913 2104 foeno
939 2067 1182 2103 abscondidit.
1211 2068 1354 2101 Tamen
1379 2066 1560 2113 ejusmodi
1587 2078 1721 2114 panem
1742 2065 1895 2099 nucibus

290 2127 470 2177 praeferre
493 2127 645 2162 solebat.
673 2129 735 2162 Au
754 2128 853 2175 quod
877 2135 1053 2162 metuerat
1072 2138 1119 2160 ne
1140 2124 1243 2173 quod
1262 2133 1406 2159 exterus
1425 2124 1493 2159 sibi
1512 2122 1753 2171 praebuisset,
1779 2135 1897 2157 rursus

293 2192 490 2234 cripvretur
504 2187 519 2219 ’ἴ

365 2244 504 2277 Panem
530 2247 742 2290 primarium
765 2240 963 2277 lactentum
985 2269 992 2287 ,
1031 2240 1167 2277 fructus
1193 2239 1349 2275 horaeos
1377 2248 1504 2275 coctos
1530 2250 1573 2273 cx
1601 2250 1674 2286 quo
1705 2249 1811 2273 nosse
1842 2238 1897 2271 di—
