2054 2748
273 149 331 193 90
637 142 1117 177 OBSERVATIONES
1164 142 1525 173 ZOOLOGICAE.

349 232 500 279 Figurae
523 229 688 272 Grewii,
715 229 925 276 Bussom'i,
952 225 1154 262 Schreberi
1175 231 1224 261 ita
1243 231 1401 274 pingunt
1415 253 1424 271 ,
1449 236 1490 262 ut
1504 225 1655 275 obliqua
1670 235 1880 265 truncatura

274 301 397 324 aream
420 287 570 337 planam
584 286 733 331 formet,
760 295 796 320 et
815 288 978 332 superior
997 295 1162 319 convexa
1182 282 1390 331 superficies
1402 288 1522 319 minus
1537 284 1880 334 descendat,quam

274 346 425 381 inferior
449 357 610 380 concava
629 372 637 388 ,
674 342 776 390 quod
794 347 833 375 in
853 346 943 375 meis
958 339 1067 389 plane
1086 351 1141 376 est
1161 344 1396 376 contrarium.

346 404 409 439 De
428 399 708 437 maxillaribus
725 397 909 433 dentibus
923 400 983 432 ica
1000 398 1219 444 Bussenius
1237 398 1339 432 XII.
1362 410 1399 445 p.
1419 396 1476 433 63.

348 459 604 494 Characterem
631 455 703 490 illis
734 468 811 490 esse
841 454 1087 504 peculiarem,
1132 464 1169 491 et
1198 454 1246 489 ad
1276 453 1381 489 basin
1408 459 1510 502 quasi
1542 466 1618 490 esse
1644 454 1883 490 flosculorum

273 522 447 565 speciem,
462 520 523 562 qui
537 513 739 547 formantur
756 518 889 549 vitreae
903 511 1125 547 substantiae
1136 511 1278 547 ambitu
1288 521 1324 546 et
1335 510 1471 546 trifolio
1488 511 1648 548 multum
1668 512 1858 548 assimilari
1873 527 1881 557 3

274 574 372 609 lianc
392 573 542 620 figuram
563 579 666 605 tanto
686 575 800 617 magis
824 581 900 605 esse
919 580 1125 617 expressam
1140 578 1176 604 et
1189 574 1304 616 magis
1318 567 1543 616 regularem,
1570 581 1644 617 quo
1659 575 1772 617 magis
1791 568 1885 604 basis

277 631 472 679 (coronam
500 627 610 662 credo
632 626 808 674 intelligi)
834 637 887 662 est
911 632 1053 661 attrita:
1082 625 1216 661 trifolia
1235 638 1299 674 per
1319 630 1419 674 paria
1440 637 1516 660 esse
1536 625 1728 674 disposita,
1753 636 1789 662 et
1808 625 1885 661 basi

275 692 460 736 opposita,
487 689 537 719 ita
565 693 605 718 ut
635 683 793 718 duorum
821 683 1042 719 trifoliorum
1065 694 1102 717 se
1128 681 1206 717 basi
1225 688 1522 731 contingentium
1539 688 1660 731 apices
1679 688 1788 731 positi
1815 689 1887 718 sint

274 746 321 781 ad
341 744 453 779 latera
475 742 603 778 baseos
624 742 754 777 dentis.
782 742 873 776 Duo
892 740 950 777 vel
970 746 1036 776 tria
1061 747 1161 789 paria
1189 739 1411 776 trifoliorum
1438 752 1534 786 esse,
1574 745 1699 788 primis
1725 745 1886 788 exceptis

275 807 337 850 qui
366 799 628 849 posterioribus
654 798 766 847 longe
784 809 869 834 sunt
888 804 1060 834 minores.

346 859 527 893 Provocat
547 856 594 891 ad
616 856 727 891 Acca
749 855 1004 890 Academiae
1027 854 1174 891 Scient.
1202 852 1301 900 1762.
1328 852 1524 888 Memoire
1540 852 1689 888 sardes
1705 865 1748 887 os
1762 862 1801 887 ec
1819 852 1887 887 des

273 916 387 950 denes
403 912 697 961 remarquables
713 926 792 960 par
807 912 894 948 leur
908 911 1118 960 gmndenr.
1144 909 1225 945 Vid.
1250 921 1400 957 quoque
1424 909 1589 956 Bchson.
1615 909 1888 958 Sztpple'menc,

279 972 391 1007 Tomy⁴
422 971 468 1005 Is.

348 1029 493 1062 Horum
513 1026 665 1075 quidem
684 1030 852 1060 omnium
870 1037 937 1073 ego
959 1023 1052 1059 nihil
1070 1027 1223 1071 reperiO.
1244 1022 1370 1068 Quum
1390 1033 1436 1056 ex
1454 1027 1631 1070 superiori
1644 1021 1889 1070 descriptione

275 1093 422 1133 pateat,
451 1096 554 1118 meos
590 1084 718 1118 dentes
749 1086 943 1130 superioris
981 1079 1155 1115 maxillae
1182 1084 1355 1114 incisores
1388 1078 1633 1127 laniariosque
1666 1079 1889 1116 Buffonianis

275 1147 335 1176 vix
366 1146 525 1176 minores
559 1152 658 1186 6556,
695 1139 733 1174 hi
765 1137 975 1174 maxillares
1006 1149 1026 1172 e
1061 1141 1245 1171 contrario
1277 1140 1379 1183 parvi
1410 1135 1581 1171 videntur
1615 1148 1709 1182 esse,
1736 1142 1890 1173 istorum

276 1207 451 1245 respectu.

347 1254 544 1287 Detzcc’um
566 1252 701 1286 horum
724 1250 1007 1285 maxillan'um
1029 1258 1101 1284 tres
1130 1252 1345 1282 examinavi.

347 1309 532 1351 Primus,
560 1312 623 1356 qui
649 1313 772 1342 minor
796 1315 874 1351 est,
914 1305 961 1340 ab
983 1310 1087 1353 apice
1119 1315 1280 1340 coronae
1306 1302 1355 1338 ad
1382 1309 1527 1352 apicem
1556 1304 1686 1340 radicis
1710 1304 1888 1353 longioris

277 1364 390 1400 habet
416 1363 595 1411 pollicem
616 1375 753 1407 unum,
780 1362 894 1395 lineas
921 1361 1116 1403 undecim,
1142 1360 1188 1391 ab
1204 1354 1315 1404 'apice
1343 1371 1503 1393 coronae
1522 1361 1569 1393 ad
1587 1366 1731 1407 apicem
1762 1363 1892 1398 radicis

278 1423 452 1456 brevioris
472 1418 651 1467 pollicem
665 1429 798 1461 unum,
814 1416 931 1452 lineas
949 1427 1095 1451 novem.
1114 1413 1287 1449 Latitudo
1316 1419 1422 1448 unius
1445 1414 1591 1462 pollicis
1607 1443 1615 1461 ,
1642 1421 1752 1451 trium
1775 1416 1891 1453 linea-

278 1490 369 1513 rum.
395 1479 580 1511 Crassities
605 1487 741 1510 novem
762 1473 952 1508 linearum.

351 1534 413 1568 De
441 1532 585 1568 duobus
613 1531 762 1579 reliquis
784 1542 862 1565 non
883 1528 989 1564 facile
1009 1527 1173 1575 judicatu
1188 1536 1241 1563 est
1260 1555 1268 1574 ,
1297 1532 1448 1576 quinam
1467 1533 1511 1564 sit
1529 1529 1657 1575 major.
1686 1530 1791 1566 Unus
1811 1530 1892 1567 lati-

278 1591 406 1627 tudine
428 1599 594 1638 supcrat,
620 1588 713 1623 alter
738 1592 907 1623 crassitie.

350 1647 575 1689 Secundus,
610 1645 657 1680 ab
681 1650 785 1694 apice
808 1655 968 1679 coronae
991 1641 1040 1677 ad
1066 1646 1209 1690 apicem
1238 1641 1368 1677 radicis
1396 1641 1574 1690 longioris
1605 1641 1716 1678 habet
1738 1642 1893 1691 pollices

280 1705 391 1748 duos,
418 1703 531 1738 lineas
555 1712 735 1751 quatuor;
775 1711 812 1737 et
844 1700 890 1736 ad
915 1705 1059 1749 apicem
1085 1699 1216 1734 radicis
1245 1699 1418 1734 brevioris
1444 1699 1623 1747 pollicem
1651 1712 1766 1734 unum
1808 1714 1893 1736 cum

280 1762 385 1797 lineis
408 1770 504 1796 octo.
532 1760 706 1795 Latitudo
733 1765 840 1794 unius
869 1757 1016 1806 pollicis
1039 1766 1076 1792 et
1102 1762 1265 1805 quinque
1292 1756 1481 1791 linearum.
1510 1758 1696 1791 Crassities
1731 1770 1893 1792 coronae

281 1819 327 1853 ad
360 1817 520 1853 radicem
549 1817 753 1853 breviorem
783 1821 889 1850 unius
913 1814 1083 1863 pollicis;
1122 1823 1159 1849 et
1191 1819 1365 1849 crassities
1393 1825 1555 1848 coronae
1584 1813 1700 1848 radici
1731 1813 1892 1862 longiori

283 1875 509 1925 respondeus
537 1874 716 1909 linearum
740 1886 813 1908 seit.

358 1933 530 1974 Tertius,
566 1931 612 1966 ab
642 1937 745 1980 apice
780 1939 940 1966 coronae
968 1927 1015 1962 ad
1039 1931 1183 1975 apicem
1211 1926 1341 1961 radicis
1377 1926 1552 1974 longioris
1585 1926 1677 1961 duos
1713 1926 1892 1974 pollices,

284 1999 441 2038 quatuor
461 1989 574 2023 lineas
593 1994 759 2033 metitur,
780 1998 816 2022 et
831 1986 877 2022 ad
893 1990 1035 2034 apicem
1047 1983 1176 2018 radicis
1192 1982 1364 2019 brevioris
1383 1995 1498 2018 unum
1518 1982 1713 2032 pollicem,
1729 1989 1893 2031 quinque

284 2047 408 2082 lineas.
444 2046 616 2081 Latitudo
641 2052 746 2080 unius
778 2043 943 2094 pollici5‚
980 2051 1138 2090 quatuor
1163 2040 1354 2075 linearum.
1384 2044 1568 2076 Crassities
1598 2051 1758 2075 coronae
1778 2040 1892 2074 radici

284 2104 443 2139 breviori
470 2103 723 2152 respondentis
759 2107 865 2137 unius
894 2099 1067 2149 pollici53
1111 2107 1147 2133 et
1181 2103 1356 2132 crassities
1393 2110 1552 2132 coronae
1583 2096 1695 2131 radici
1730 2095 1892 2143 longiori

286 2160 541 2209 respondentis
564 2172 698 2196 novem
719 2159 906 2194 linearum.

359 2220 417 2254 Ex
447 2217 578 2267 quibus
601 2226 752 2266 apparet
771 2216 908 2252 radices
928 2227 1004 2249 csse
1025 2214 1129 2249 binas
1149 2223 1185 2249 et
1211 2211 1411 2261 inaequalis
1438 2210 1689 2259 longitudinis.
1722 2209 1834 2246 Addo
1853 2215 1893 2245 in
