2054 2748
701 148 1152 178 AMPHIBIA.
1642 141 1718 185 281

396 230 783 275 COLUBER
830 230 1247 276 GALLICUS.
1291 231 1455 278 Nobis.

193 313 263 350 236
280 326 346 346 z
365 313 430 347 183
450 321 496 351 -Ι-
516 313 571 348 55.

190 371 252 405 La
276 369 489 404 cozclezcvre
515 381 738 406 commune.

189 426 401 474 Longitudo
430 426 610 474 pollicum
634 430 759 473 viginti
783 429 909 469 unius;
940 430 1092 461 minoris
1121 426 1224 475 digiti
1248 432 1423 463 crassities
1442 442 1450 473 ;
1470 427 1638 478 adeoque
1657 443 1726 467 nec

117 482 264 530 longior
290 496 358 518 nec
376 489 528 517 crassior
547 495 658 530 quam
675 488 807 530 vipera.
837 480 1006 529 Squamis
1021 483 1299 529 cinereo-albis,
1319 490 1516 520 interstitiis
1532 491 1661 533 nigris,
1684 497 1725 522 ur.

117 546 219 587 quasi
243 546 387 587 nigrum
417 545 462 574 sit
482 539 700 583 reticulum,
729 538 920 585 nigredine
948 544 1082 587 passim
1109 552 1216 588 supra
1241 553 1409 589 squamas
1432 554 1470 576 se
1493 541 1726 590 effundente,

116 603 312 644 praecipue
342 603 381 631 in
406 596 514 630 dorso
543 600 733 630 anterioris
766 595 940 630 dimidiae
964 601 1093 643 partis,
1125 596 1224 631 unde
1254 598 1421 633 maculae
1447 605 1549 647 quasi
1577 606 1727 635 seriatae

119 658 295 687 oriuntur.
323 651 432 686 Scuta
449 661 525 686 tota
543 657 655 699 nigra.
676 653 789 686 Linea
808 651 909 686 fusca
928 651 975 686 ab
991 652 1107 687 oculis
1127 660 1260 689 sensim
1276 667 1504 690 evanescens.
1531 657 1629 691 Vitta
1643 657 1728 692 alba

115 708 228 743 nulla.
255 708 454 744 ponendus
474 718 557 756 post
579 714 767 743 natricem.

187 764 352 800 Societas
368 767 578 800 Linnaeana
594 767 804 800 Parisiensis
824 771 861 800 in
877 778 921 800 eo
937 772 1089 801 nomine
1104 767 1297 816 Hylophili
1311 778 1413 804 scuta
1433 771 1496 806 188
1509 780 1544 806 et
1557 783 1726 820 squamas

114 820 450 869 subquinquaginta
470 828 695 866 numeravit3
719 822 900 857 scribente
920 823 1088 858 Millino
1107 825 1207 871 1783.
1227 825 1263 860 d.
1285 838 1341 862 22.
1363 827 1458 861 Dec.

188 878 474 913 Daubentonius
496 885 534 913 in
556 879 767 926 Encyclop.
799 880 970 915 me'clzod.
997 885 1162 929 quinque
1189 887 1327 930 species
1348 894 1558 932 serpentum
1586 892 1726 922 circum

111 935 297 969 Lutetiam
334 946 567 971 occurrentes
596 946 799 971 memorat:
834 946 1054 973 venenatam
1073 943 1256 986 viperam,
1285 949 1321 975 et
1347 946 1517 976 innoxias
1540 943 1725 990 aspidem,

112 991 306 1026 colubrum
320 1019 328 1034 ‚
344 1002 556 1037 torquatum
577 1002 614 1026 et
632 1005 792 1039 anguem
807 993 983 1040 fragilem.

184 1048 247 1081 De
266 1057 435 1094 serpente
455 1060 566 1095 quem
582 1047 798 1094 colubrum,
819 1048 861 1082 la
880 1048 1095 1083 couleuvre
1113 1062 1349 1092 commune,
1369 1062 1477 1086 vocat
1490 1080 1498 1096 ,
1520 1053 1625 1099 dicit,
1640 1067 1726 1090 eum

110 1108 148 1138 in
169 1102 298 1137 Suecia
319 1112 356 1137 et
376 1108 415 1136 in
435 1102 783 1150 septentrionalibus
806 1102 1016 1149 regionibus
1038 1115 1117 1136 non
1138 1115 1347 1149 occurrere,
1373 1116 1435 1141 aut
1454 1107 1562 1143 valde
1582 1122 1724 1159 rarum,

108 1171 232 1207 neque
251 1161 416 1193 Linnaeo
433 1166 625 1206 cognitum
646 1159 752 1195 fuisse
765 1187 774 1204 ,
800 1158 865 1193 sed
883 1158 1110 1208 frequentem
1130 1172 1206 1195 esse
1227 1166 1264 1195 in
1281 1161 1413 1198 Gallia.

184 1218 289 1251 Circa
314 1217 518 1263 Nancejam
534 1223 572 1251 in
595 1216 701 1262 sylvis
723 1215 823 1251 haud
848 1228 968 1250 rarum
993 1228 1070 1251 esse
1097 1217 1221 1253 scribit
1244 1219 1333 1254 mihi
1358 1219 1608 1257 Willemetus:
1635 1223 1723 1261 dicit

110 1277 231 1320 vipera
247 1278 461 1307 crassiorem
476 1283 512 1308 et
533 1273 743 1320 longiorem
765 1285 842 1308 esse
854 1301 862 1317 ³
878 1278 988 1308 etiam
1006 1273 1222 1309 alacriorem
1241 1288 1278 1310 se
1296 1276 1443 1320 vidisse3
1459 1277 1594 1314 famam
1610 1286 1721 1316 etiam

110 1340 187 1363 esse
209 1341 292 1363 eum
317 1329 411 1363 saltu
433 1329 650 1374 jaculatorio
676 1342 713 1364 se
737 1329 898 1373 vibrare,
920 1340 955 1364 et
977 1329 1105 1366 dentes
1125 1331 1258 1368 habere
1280 1333 1547 1380 tuberculatos,
1571 1337 1721 1384 quibus,

109 1391 261 1420 innoxie
281 1386 431 1433 quidem
445 1412 453 1430 ‚
472 1386 652 1421 mordeat.
679 1387 777 1419 Eum
791 1391 819 1420 is
839 1385 928 1419 mihi
944 1386 1119 1435 deinceps
1133 1393 1250 1435 misit,
1267 1402 1376 1438 quem
1391 1403 1497 1440 supra
1513 1392 1695 1442 descripsi⁷

591 1471 977 1514 COLUBER
1023 1506 1234 1517 ......

182 1539 252 1574 238
272 1551 339 1572 Ξ
359 1551 427 1574 200
446 1547 492 1577 —i—
514 1538 569 1573 38.

178 1595 390 1644 Longitudo
415 1595 551 1643 pedum
576 1604 734 1643 quatuor
761 1607 845 1630 cum
874 1595 1028 1632 dimidio
1044 1625 1053 1643 ,
1077 1598 1123 1634 de
1141 1611 1212 1649 qua
1233 1602 1348 1638 cauda
1376 1604 1532 1652 pollices
1553 1616 1719 1654 quatuor.

106 1651 219 1687 Arma
236 1652 348 1687 nulla.
376 1653 543 1687 Dorsum
562 1652 725 1697 fuscum,
743 1652 929 1687 abdomen
948 1653 1128 1700 albicans3
1157 1669 1330 1705 squamae
1348 1660 1644 1699 suborbiculatae
1658 1675 1720 1701 aut

105 1709 344 1756 hexagonae,
367 1715 562 1756 praecipue
590 1709 733 1743 mediae
757 1714 882 1754 seriei,
907 1723 1001 1758 quae
1023 1721 1076 1746 est
1100 1723 1229 1750 octava
1258 1721 1428 1765 utrinque
1454 1731 1475 1753 a
1498 1725 1606 1756 scutis
1626 1726 1718 1756 inci-

106 1766 254 1815 piendo.
283 1767 384 1800 Cutis
406 1771 512 1800 missa
537 1766 811 1814 Tranquebaria
830 1767 900 1800 Ao.
915 1779 949 1813 7.
969 1767 1112 1816 (1799.)

587 1852 973 1897 COLUBER
1022 1855 1240 1901 NAJA.

178 1926 249 1962 242
263 1934 330 1954 Ξ
353 1920 418 1957 186
436 1930 483 1959 —i-
504 1921 559 1956 56.

177 1977 390 2024 Longitudo
411 1978 738 2026 quincpiepedalis3
757 1979 872 2014 cauda
897 1979 942 2014 de
965 1990 1042 2016 tota
1064 1981 1133 2017 hac
1158 1982 1389 2031 longitudine
1411 1987 1539 2022 decem
1561 1989 1715 2037 pollices

104 2039 262 2069 metitur.
290 2036 381 2068 Mas.
411 2035 643 2070 Genitalibus
665 2036 806 2084 longis,
831 2037 990 2072 clavaris.
1018 2039 1167 2075 Macula
1188 2042 1434 2090 perspicillata
1451 2045 1714 2093 obscurissima,

105 2101 141 2126 et
162 2096 222 2124 vix
236 2096 302 2124 nisi
320 2102 417 2126 trans
433 2099 656 2128 excoriatam
673 2105 793 2129 cutem
809 2101 1016 2142 conspicua.
1046 2100 1218 2132 Ceterum
1234 2109 1310 2134 tora
1332 2106 1473 2140 cinerea
1486 2130 1494 2145 ‚,
1513 2101 1714 2138 abdomine

104 2146 242 2182 albido.
269 2147 450 2196 Squamae
468 2150 664 2199 dispositae
685 2157 721 2186 in
742 2159 847 2188 series
869 2153 1055 2202 obliquas,
1076 2155 1121 2190 ad
1142 2157 1320 2204 angulum
1339 2164 1511 2193 coeuntes
1531 2165 1568 2194 in
1590 2160 1713 2195 medio

106 2203 227 2240 dorso.
254 2204 429 2253 Singulae
457 2214 564 2244 series
593 2222 826 2258 squamarum
853 2221 962 2246 octo:
989 2225 1088 2248 nona
1115 2225 1267 2262 squama
1291 2222 1495 2250 communis
1514 2221 1550 2250 in
1578 2216 1711 2251 medio.
