2054 2748
276 177 334 232 34
641 181 1122 216 OBSERVATIONES
1169 181 1528 214 zoorochE.

774 266 1016 312 CANIS
1066 265 1393 309 VULPES.

352 365 390 398 C.
411 361 549 411 Vulpes
570 361 701 410 longos
726 360 838 396 habet
858 369 1043 409 mystaces·
1055 368 1092 395 et
1110 359 1221 395 fortes
1234 386 1243 404 ,
1263 357 1390 393 felium
1409 362 1537 403 instar,
1555 357 1681 407 quales
1708 367 1786 395 non
1804 370 1889 397 sunt

277 418 426 468 reliquis
447 425 588 467 generis
608 424 707 453 canis
726 416 934 465 speciebus,
960 416 1000 464 (i.
1024 428 1055 452 e.
1085 421 1166 451 cani
1192 421 1338 464 proprie
1361 415 1461 451 dicto
1487 425 1522 451 et
1544 416 1655 464 lupo,
1683 422 1721 451 in
1743 423 1888 453 univer-

277 489 358 511 sum
376 477 422 512 ad
438 477 587 525 vulpem
601 488 678 510 non
699 479 868 522 proxime
883 472 1172 518 accedentibus.)
1199 475 1286 509 Jure
1306 484 1393 521 ergo
1408 472 1463 507 illi
1477 483 1654 518 mystaces
1674 479 1785 522 recipi
1805 487 1888 523 pos-

277 543 361 569 sunt
381 539 476 569 inter
498 533 724 567 characteres
743 531 943 579 specificos.

351 591 481 637 Margo
500 593 681 636 posterior
701 594 796 624 auris
817 588 957 637 duplex
975 593 1013 623 in
1032 598 1134 636 parte
1154 587 1334 622 inferiore.

350 648 474 692 Quum
491 651 590 680 canis
606 658 730 681 corsae¹
749 656 785 681 et
805 658 961 694 caragan
984 645 1144 682 diversae
1160 650 1232 681 sint
1251 649 1410 694 species,
1434 654 1470 680 et
1489 656 1555 693 pro
1578 643 1709 680 talibus
1728 644 1890 681 habean-

277 712 353 748 tur,
378 715 488 750 quare
508 715 586 737 non
606 713 641 738 et
660 702 746 738 alii?
1141 715 1144 718 ·

349 761 489 807 Magno
519 773 674 795 numero
701 769 898 796 occurrunt
917 759 1043 808 vulpes
1059 788 1069 806 ‚
1088 759 1215 795 colore
1235 764 1322 795 varii
1343 764 1379 793 in
1399 758 1677 794 Kamtschatka.
1704 759 1889 807 Vulgatis-

276 822 364 851 sima
384 822 536 851 varietas
558 830 642 852 cum
656 828 783 852 nostro
806 823 979 853 convenit
993 817 1103 865 vulpe
1122 828 1307 864 europaeo
1320 844 1328 860 ‚
1341 815 1467 850 colore
1483 825 1628 851 tantum
1643 826 1696 851 est
1711 817 1887 852 vividiore

275 884 386 921 atque
406 873 668 922 splendidiore.
696 874 770 909 Alii
799 875 934 909 coloris
961 873 1144 922 profunde
1173 878 1334 907 castanei
1361 871 1419 907 vel
1442 871 1541 906 badii
1566 882 1670 917 sunt,
1690 871 1752 906 alii
1774 873 1889 909 fasciis

277 929 438 964 obscuris
453 936 634 978 var-iegati.
662 931 737 966 Alii
757 942 882 966 ventre
902 936 1019 979 nigri,
1041 940 1202 965 ceterum
1213 939 1293 965 toto
1309 940 1462 977 corpore
1476 927 1584 964 badii.
1613 928 1691 963 Alii
1703 928 1812 975 fusci,
1827 929 1889 965 alii

274 992 391 1034 nigri,
418 987 481 1022 ahi
500 993 656 1033 cinerei,
682 994 788 1036 pauci
808 988 892 1023 albi.

347 1046 457 1079 Canis
479 1044 607 1093 vulpes
632 1055 667 1080 et
695 1050 794 1079 canis
816 1045 953 1092 alopex
976 1045 997 1077 a
1017 1044 1201 1086 Linnaeo‚
1218 1040 1426 1076 Schrebero
1451 1040 1604 1089 aliisque
1624 1041 1801 1090 Zoologis
1823 1055 1889 1091 pro

276 1101 424 1137 diversis
443 1101 626 1137 habentur
645 1101 844 1150 speriebus.
875 1101 1023 1136 Eodem
1040 1102 1118 1147 jure
1140 1099 1214 1145 illi,
1239 1110 1398 1147 quorum
1416 1103 1511 1134 varia
1535 1108 1571 1134 et
1597 1098 1735 1134 diversa
1753 1099 1889 1135 vellera

274 1158 374 1205 apud
399 1158 580 1206 pelliones
611 1165 861 1207 reperiuntur,
896 1158 1056 1194 diversae
1082 1166 1235 1205 possunt
1264 1168 1341 1191 esse
1370 1161 1519 1204 species.
1556 1156 1736 1202 Quisnam
1763 1169 1825 1191 eos
1853 1163 1892 1192 in

272 1219 438 1262 ipsorum
472 1221 697 1262 investigavit
730 1225 767 1251 et
801 1220 1027 1263 comparavit
1057 1219 1173 1262 patria
1187 1216 1202 1248 ’.Ρ
1237 1215 1373 1248 Nonne
1403 1222 1536 1247 martes
1567 1225 1717 1261 quoque
1734 1241 1742 1259 ,
1777 1213 1891 1258 feles,

272 1270 506 1318 aliorumque
526 1284 705 1318 generum
723 1277 863 1318 species
884 1271 990 1305 valde
1014 1275 1110 1304 inter
1132 1282 1170 1304 se
1191 1268 1318 1304 affines
1336 1279 1421 1303 sunt
1431 1270 1447 1304 ‘l
1478 1269 1562 1316 (Tr.
1577 1268 1665 1315 Ed.)

761 1373 1006 1413 CANIS
1067 1372 1405 1411 ALOPEX.

347 1463 421 1497 Ao.
439 1468 470 1505 4.
494 1461 548 1509 (d.
576 1467 625 1503 14,
642 1460 861 1495 Decembris
886 1459 1004 1508 1796.)
1030 1473 1050 1494 a
1071 1459 1248 1495 Wetzelio
1272 1459 1542 1508 Rapoldivillae
1561 1466 1699 1497 missus.

346 1518 558 1566 Longitudo
576 1517 621 1552 ab
636 1523 739 1566 apice
755 1523 861 1553 rostri
879 1517 927 1552 ad
949 1527 1151 1552 extremam
1165 1517 1322 1552 caudam
1337 1523 1445 1552 trium
1460 1517 1606 1566 pedum.
1635 1518 1760 1555 Gauda
1783 1526 1891 1569 quin-

275 1577 396 1613 decim
414 1575 607 1624 pollicum.

322 1632 383 1667 Ab
403 1632 539 1679 angulo
560 1636 653 1666 auris
678 1636 858 1666 anteriore
880 1630 927 1666 ad
952 1640 1159 1666 extremum
1179 1640 1337 1666 rostrum
1389 1661 1395 1666 .
1448 1660 1454 1666 .
1507 1661 1512 1666 .
1566 1661 1572 1667 .
1624 1633 1646 1668 5
1660 1633 1749 1680 poll.
1794 1633 1895 1671 filim

324 1690 384 1724 Ab
404 1689 537 1723 eodem
555 1689 693 1736 angulo
714 1688 759 1723 ad
780 1694 1021 1736 posteriorem
1040 1687 1139 1723 oculi
1159 1688 1337 1736 angulum
1389 1718 1394 1723 .
1447 1717 1453 1723 .
1506 1718 1511 1723 .
1565 1717 1571 1723 .
1624 1702 1646 1723 2
1672 1710 1720 1715 —-
1796 1703 1818 1725 2
1843 1712 1892 1716 —

324 1746 384 1781 Ab
404 1751 587 1781 anteriore
613 1745 712 1780 oculi
736 1745 873 1793 angulo
894 1745 941 1780 ad
965 1751 1208 1793 posteriorem
1272 1773 1573 1782 ......
1626 1768 1648 1789 ss
1675 1767 1724 1772 —
1778 1760 1820 1782 ιο
1845 1767 1893 1773 —-

325 1803 385 1838 Ab
406 1803 540 1837 eodem
558 1803 605 1838 ad
630 1802 807 1850 angulum
827 1802 974 1837 alterius
999 1801 1098 1837 oculi
1118 1807 1340 1837 anteriorem
1392 1831 1397 1836 .
1450 1830 1456 1836 .
1508 1831 1514 1836 .
1567 1830 1574 1836 .
1631 1817 1644 1836 ι
1674 1823 1723 1828 —-
1801 1818 1813 1838 1
1843 1823 1892 1829 —-

325 1861 385 1895 Ab
408 1860 542 1894 eodem
564 1860 610 1895 ad
630 1859 727 1895 illius
748 1859 924 1908 angulum
943 1863 1184 1907 posteriorem
1211 1887 1218 1893 .
1270 1887 1276 1893 .
1330 1888 1335 1893 .
1390 1888 1394 1892 .
1448 1886 1454 1893 .
1508 1887 1513 1892 .
1567 1887 1573 1892 .
1625 1870 1647 1893 2
1673 1879 1722 1884 ——
1796 1859 1816 1893 3
1843 1881 1891 1886 --

325 1917 385 1953 Ab
404 1923 507 1966 apice
523 1923 628 1952 rostri
650 1917 695 1951 ad
716 1917 894 1965 angulum
912 1922 983 1950 oris
1036 1944 1041 1949 .
1094 1944 1100 1949 .
1152 1943 1159 1950 .
1212 1943 1219 1950 .
1273 1943 1279 1950 .
1331 1942 1337 1949 .
1391 1943 1397 1949 .
1450 1942 1457 1949 .
1509 1942 1516 1949 .
1569 1942 1576 1949 .
1627 1914 1647 1949 ὅ
1674 1935 1723 1941 —
1802 1930 1813 1950 1
1843 1937 1892 1943 —

326 1975 385 2009 Ab
404 1981 507 2023 apice
528 1974 612 2009 labii
638 1973 816 2009 inferioris
837 1973 884 2008 ad
900 1971 1077 2020 angulum
1102 1976 1172 2006 oris
1211 1999 1572 2008 .......
1627 1983 1648 2006 2
1673 1992 1723 1998 —
1795 1972 1819 2008 ὅ
1843 1993 1892 2000 --

327 2032 386 2067 Ab
406 2032 543 2079 angulo
563 2037 656 2066 auris
676 2037 856 2066 anteriore
872 2030 918 2065 ad
938 2028 1096 2064 alterum
1149 2056 1455 2064 ......
1509 2056 1514 2062 .
1568 2055 1572 2061 .
1625 2027 1646 2062 ὃ
1671 2048 1721 2054 -
1793 2049 1817 2071 ,Ι
1843 2048 1891 2054 --

326 2089 539 2137 Longitudo
568 2095 661 2123 auris
685 2088 731 2123 ab
759 2087 896 2136 angulo
921 2092 1103 2121 anteriore
1124 2085 1171 2120 ad
1194 2089 1338 2133 apicem
1389 2113 1395 2120 .
1449 2112 1457 2119 .
1510 2113 1515 2118 .
1569 2112 1575 2119 .
1627 2096 1648 2118 2
1673 2104 1721 2110 —
1776 2099 1811 2119 11
1843 2106 1893 2112 —

327 2147 467 2182 Eadem
490 2145 683 2192 longitudo
703 2145 750 2180 ab
769 2144 906 2192 angulo
926 2148 1128 2192 posteriore
1155 2171 1160 2177 .
1214 2171 1219 2176 .
1272 2170 1277 2176 .
1331 2170 1336 2175 .
1391 2169 1397 2176 .
1451 2170 1457 2176 .
1511 2169 1516 2175 .
1570 2168 1574 2174 .
1628 2139 1647 2174 3
1673 2161 1721 2166 —
1797 2140 1817 2175 3
1844 2162 1893 2167 --

327 2202 499 2238 Latitudo
523 2207 617 2236 auris
640 2202 686 2236 ad
711 2201 813 2236 basin
859 2229 866 2236 .
920 2229 926 2235 .
979 2230 984 2234 .
1038 2229 1043 2234 .
1097 2228 1102 2234 .
1156 2227 1161 2233 .
1215 2227 1219 2232 .
1274 2226 1279 2232 .
1334 2225 1341 2233 .
1394 2226 1400 2232 .
1453 2227 1458 2231 .
1512 2225 1519 2232 .
1570 2225 1576 2231 .
1632 2212 1643 2231 1
1675 2217 1723 2223 --
1797 2198 1818 2233 5
1844 2218 1891 2224 -

329 2259 500 2295 Latitudo
520 2263 615 2295 auris
639 2264 678 2294 in
697 2257 819 2294 media
840 2269 927 2293 aure
952 2268 1158 2305 expansa..
1210 2283 1214 2290 .
1268 2283 1273 2289 .
1328 2282 1335 2289 .
1390 2283 1395 2289 .
1448 2283 1454 2288 .
1507 2283 1512 2288 .
1566 2283 1571 2289 .
1624 2266 1646 2290 2
1671 2274 1721 2281 —
1793 2275 1817 2299 st
1843 2273 1891 2281 --
