2054 2748
744 128 899 157 MAM
925 128 1171 157 MALIA.
1705 121 1760 165 85

159 216 382 266 amplissimo
407 221 499 252 rictu
517 220 679 264 aperuit,
709 218 810 264 quasi
830 220 954 249 nescio
979 227 1049 263 qua
1069 224 1106 249 re
1129 218 1286 250 immissa
1307 212 1459 250 liberare
1481 228 1518 250 se
1535 217 1657 254 vellet.
1687 219 1759 254 Di-

158 285 291 310 xerunt
313 280 423 309 etiam
444 279 516 308 mei
538 273 678 321 aliquid
707 277 891 320 sanguinis
913 284 950 305 se
982 272 1128 306 credere
1155 278 1325 306 emissum
1348 284 1422 306 esse
1436 300 1444 316 ,
1469 274 1569 320 quod
1591 287 1657 321 ego
1682 288 1760 310 non

159 331 354 366 observavi.
381 330 585 378 Aliquanto
600 340 683 378 post
697 341 828 364 caveae
842 340 926 362 suae
946 328 1106 362 redditus
1122 341 1236 376 quum
1255 338 1366 373 esset,
1385 335 1579 363 nunciatur
1597 332 1760 366 insolitos

156 400 266 423 sonos
294 387 401 422 edere
426 387 699 422 animalculum.
735 385 884 419 Accedo
913 394 949 418 et
976 384 1104 428 video,
1131 391 1303 420 miserum
1321 396 1482 420 erectum
1503 399 1630 420 raucos
1650 401 1760 422 sonos

157 450 344 489 emittere,
373 449 436 492 qui
464 444 633 478 dolorem
662 447 916 488 exprimerent.
944 442 1075 475 Postea
1101 447 1137 475 in
1164 442 1316 477 reticulo
1342 455 1388 476 ex
1410 443 1479 477 filis
1500 442 1621 477 ferreis
1640 453 1760 490 torte,

156 513 231 549 quo
253 513 385 535 caveae
402 506 561 535 anterior
578 511 660 545 pars
677 497 878 544 clauditur,
898 510 1089 545 suspensus
1109 505 1288 533 acutiores
1312 512 1460 547 quoque
1481 506 1608 535 emisit.
1636 501 1761 546 Quum

157 563 206 592 ita
234 570 426 605 suspensus
447 562 484 590 in
509 554 682 589 cancellis
706 554 894 599 haereret,
923 565 959 589 et
985 554 1170 589 abdomen
1201 561 1238 589 in
1266 566 1468 603 conspectu
1500 567 1618 602 esset,
1644 563 1762 592 visum

155 614 246 648 mihi
265 623 317 648 est
336 611 508 660 genitalia
529 621 674 659 praeter
701 624 843 646 morem
864 622 1022 655 tumere,
1051 621 1090 646 ut
1117 611 1211 645 adeo
1235 619 1359 659 quaeri
1382 613 1454 647 fere
1482 619 1609 661 possit,
1634 627 1762 649 annon

154 670 218 705 illa
242 669 378 704 doloris
398 668 604 704 testificatio
625 668 670 703 ab
690 679 810 704 oestro
828 681 983 703 venereo
1005 674 1224 716 provenerit.
1253 669 1404 704 Solebat
1419 683 1526 718 saepe
1543 683 1588 704 ex
1611 670 1761 716 hydoda

154 725 278 760 bibere
308 731 345 760 in
375 725 534 760 triclinio
563 737 646 758 meo
673 731 790 773 posita
807 753 815 769 ,
848 730 886 759 in
918 738 1028 773 quam
1049 725 1234 773 quaelibet
1263 727 1403 761 inutilia
1430 727 1569 774 liquida
1589 738 1624 762 et
1645 741 1761 776 aquae

152 781 307 816 lotoriae
327 781 633 816 desundebantur.
663 782 878 817 Metuebam
900 795 946 816 ne
966 782 1106 830 aliquid
1127 788 1229 816 noxii
1256 782 1412 818 bibisset.
1440 783 1509 817 Sed
1534 797 1608 818 uon
1631 791 1759 820 memi-

152 851 296 881 neram,
319 838 522 885 quidquam
546 844 718 872 venenati
740 850 784 872 eo
814 838 872 872 die
894 844 985 873 istuc
1008 838 1175 873 defusum
1194 852 1279 874 esse.
1313 840 1490 875 Postridie
1513 839 1605 874 bene
1625 842 1759 878 habuit.

194 912 201 922 ι
226 894 399 928 Genitale
420 893 627 928 membrum
646 900 733 941 erigi
752 907 942 942 nunquam
960 895 1165 940 observavi,
1186 902 1295 930 etiam
1314 901 1342 930 si
1361 895 1578 930 titillaretur.

224 951 273 985 D.
293 963 349 984 21.
371 950 621 984 Thermidorii
641 951 684 984 A.
701 955 732 985 ὅ.
766 951 818 997 (9.
838 952 992 997 Augusti
1022 953 1140 996 1800.)
1164 958 1272 985 istum
1291 950 1463 985 affectum
1485 953 1530 986 de
1550 965 1623 1000 quo
1652 967 1758 1002 supra

151 1006 310 1051 dictum,
332 1005 449 1040 multo
466 1006 631 1041 validiori
646 1018 884 1054 paroxysmO,
901 1016 940 1041 ut
956 1013 1026 1041 mei
1050 1007 1253 1042 retulerunt
1269 1035 1277 1051 ,
1296 1017 1466 1055 expertus
1481 1018 1516 1043 et
1530 1022 1589 1043 me
1609 1010 1760 1047 absente

150 1073 316 1098 mortuus
335 1072 397 1098 est.
426 1061 602 1097 Suflertor
621 1074 723 1097 meus
744 1063 883 1110 Hering
902 1069 1118 1111 sanguinem
1139 1076 1185 1099 ex
1206 1064 1352 1099 naribus
1376 1064 1529 1101 stillasse
1552 1066 1653 1103 dixit.
1668 1068 1731 1115 (1)

535 1167 887 1212 SCIURUS
939 1170 1376 1213 VULGARIS.

225 1264 388 1300 Semnus
407 1263 563 1311 vulgaris
582 1264 819 1299 semiadultus
841 1278 886 1299 ex
899 1265 1005 1299 Valle
1017 1266 1141 1312 Rupea
1158 1265 1249 1299 mihi
1264 1271 1390 1299 missus
1409 1265 1482 1299 fine
1502 1266 1656 1313 Augusti
1677 1267 1759 1303 lon-

150 1322 316 1368 gitudine
337 1321 636 1366 decempollicari
662 1334 746 1354 cum
766 1320 901 1363 cauda,
931 1321 1085 1354 caudam
1106 1321 1233 1354 habuit
1252 1321 1444 1366 gracilem,
1468 1327 1527 1356 vix
1548 1322 1760 1370 disticham,

149 1376 248 1411 haud
267 1375 385 1409 multo
405 1380 518 1421 magis
538 1385 649 1421 quam
672 1385 752 1407 mus
772 1379 987 1420 querci1ms;
1007 1373 1185 1407 auriculas
1204 1387 1280 1408 non
1300 1374 1476 1410 barbatas.

221 1434 263 1467 In
282 1431 355 1465 alio
375 1437 412 1464 in
437 1436 551 1478 prima
571 1434 759 1476 juventute
775 1428 1026 1464 mansuefacto
1046 1434 1235 1477 sequentia
1257 1428 1453 1465 observavi.

222 1488 311 1523 Julii
330 1493 434 1521 initio
457 1487 571 1522 cauda
592 1487 638 1521 ad
658 1486 761 1521 basin
787 1485 972 1520 denudata
992 1485 1074 1533 pilis
1094 1485 1320 1533 longioribus
1341 1492 1444 1522 novis
1467 1493 1587 1523 ornari
1607 1495 1758 1539 incipie-

146 1545 221 1579 bat.
248 1547 288 1579 Iu
308 1543 477 1578 auriculis
502 1543 594 1578 nulli
618 1543 740 1578 adhuc
772 1542 945 1590 penicilli.
975 1543 1132 1575 Manum
1161 1555 1289 1576 eorum
1313 1542 1477 1591 lingebat
1504 1551 1567 1592 qui
1598 1554 1757 1584 maxime

148 1611 250 1636 erant
274 1600 467 1635 familiares
488 1600 572 1644 sibi,
594 1606 631 1634 in
652 1612 779 1634 eorum
798 1605 919 1634 sinum
944 1598 1178 1632 introducere
1200 1611 1237 1633 se
1260 1600 1407 1634 amabat
1422 1610 1458 1635 et
1483 1600 1530 1635 ibi
1552 1608 1756 1651 quiescere,

146 1670 190 1693 ac
210 1657 370 1692 dormire
388 1670 534 1692 securus
555 1663 629 1701 sui,
650 1657 759 1691 dorso
775 1661 966 1704 impositus
980 1659 1088 1689 eiiam
1106 1665 1141 1690 et
1155 1662 1320 1690 surrectis
1336 1656 1499 1705 pedibus.
1527 1659 1614 1693 Non
1629 1659 1757 1697 affixus

147 1725 225 1749 erat
243 1714 307 1748 sed
325 1714 438 1748 libere
459 1713 689 1748 discurrebat.
718 1715 871 1748 Urinam
887 1724 1075 1760 nunquam
1096 1711 1197 1746 humi
1220 1712 1395 1748 reddebat
1410 1714 1473 1748 sed
1489 1727 1596 1762 super
1613 1717 1755 1764 politis-

146 1777 237 1807 sima
256 1781 292 1806 et
312 1770 549 1805 mundissima
570 1782 756 1818 quaeque,
773 1780 810 1805 et
828 1775 1033 1818 saepissime
1047 1783 1055 1813 3
1069 1774 1188 1803 minus
1204 1768 1340 1804 foetida
1353 1783 1465 1819 quam
1479 1777 1599 1807 muris.
1620 1773 1756 1810 Alvum

147 1827 369 1863 excernebat
393 1832 502 1862 etiam
522 1832 558 1860 in
580 1827 703 1861 medio
726 1840 842 1862 cursu.

219 1883 323 1918 Nihil
342 1883 498 1931 amplius
521 1883 716 1918 arrodebat
741 1893 937 1932 postquam
960 1892 1125 1918 recentes
1145 1882 1275 1918 ramuli
1295 1883 1349 1918 illi
1374 1884 1449 1919 dati
1469 1885 1620 1922 fuerant.
1648 1888 1753 1922 Prae-

147 1945 254 1988 cipue
275 1940 406 1988 cupide
425 1946 553 1975 arrosit
581 1946 757 1975 corticem
780 1951 965 1975 recentem
992 1940 1141 1986 abietis,
1169 1951 1247 1976 tum
1266 1940 1406 1987 calyces
1432 1955 1534 1978 rosae
1554 1955 1590 1980 et
1613 1944 1752 1980 dianthi

148 1996 395 2045 caryophylli,
419 2003 528 2031 eriam
549 1997 636 2032 folia
656 2007 691 2033 et
709 1997 869 2032 ramulos
888 1997 973 2032 ribis
992 1996 1077 2032 albi.

207 2104 252 2140 (i)
274 2103 523 2132 Observationes
552 2105 604 2132 bas
628 2103 666 2132 ab
691 2112 800 2132 autore
830 2104 876 2132 uti
899 2115 929 2132 se
961 2103 1145 2134 obtulerunt
1167 2106 1286 2135 chartis
1312 2108 1476 2136 mandatas
1502 2107 1564 2135 alio
1589 2106 1752 2144 paulisper

148 2149 245 2177 modo
265 2150 423 2188 disposuit
437 2152 558 2187 editor,
583 2152 691 2190 prouti
706 2151 756 2181 vel
773 2151 814 2181 ad
837 2152 982 2181 habitum
1003 2154 1165 2191 corporis,
1184 2154 1237 2183 vel
1261 2155 1300 2183 ad
1328 2156 1453 2185 victum
1470 2165 1635 2194 moresque
1651 2155 1751 2194 perti-

148 2204 234 2226 nent.
257 2198 407 2228 Ceterum
424 2199 575 2239 pleraque
589 2200 702 2240 paucis
718 2200 859 2240 exceptis
875 2211 911 2230 eo
924 2200 1039 2231 ordine
1060 2211 1182 2233 servata
1198 2214 1261 2243 quo
1280 2204 1456 2235 observata.
