2054 2748
233 150 316 193 250
594 139 1073 174 OBSERVATIONES
1120 137 1484 168 ZOOLOGICAE.

234 239 322 276 cim,
344 229 499 266 latitudo
517 229 798 278 quatuordecim
815 237 899 259 cum
913 230 1018 259 tertia
1036 233 1156 272 parte,
1173 227 1350 257 crassities
1365 221 1541 256 tredecim
1556 219 1747 255 linearum.
1769 220 1845 256 Sibi

235 300 402 325 metuens
425 298 461 324 et
485 297 594 335 caput
616 286 802 321 retrahens
821 293 955 318 sonum
975 280 1120 317 brevem
1139 291 1290 315 raucum
1311 277 1591 313 subsibilantem
1613 278 1697 313 edit.

445 392 689 436 Rcmarum
725 393 924 430 mutacio
959 393 1242 430 exuviarum
1273 394 1320 427 ec
1348 383 1638 441 hybernatz'o.

556 486 598 526 R
616 484 657 526 A
674 484 720 526 N
736 485 779 526 A
829 484 863 525 B
883 484 928 526 U
944 483 976 524 F
997 482 1052 527 O.
1110 481 1252 539 (Bufo
1274 480 1542 537 Calamita.)

314 573 503 606 BU1=ONEM
534 566 760 613 (terrestrem
779 565 951 612 Roesel.)
981 577 1092 613 quem
1113 564 1188 599 alui
1207 565 1277 598 Ao.
1303 575 1401 611 ¹79¹·
1421 562 1455 597 d.
1476 575 1532 597 21.
1552 562 1646 609 Aug.
1666 559 1854 596 observavi

242 641 352 663 mane
375 636 487 673 quum
512 628 648 657 insecta
673 622 882 668 objicerem.
909 623 998 657 Non
1023 627 1186 670 appetiit.
1213 623 1255 655 In
1278 619 1399 654 fronte
1421 617 1572 654 sedebat
1594 631 1718 653 musca
1742 627 1853 653 tenax

244 697 352 733 quam
376 691 484 716 antea
505 679 731 724 obtuleram,
755 678 820 713 sed
838 677 925 712 bufo
947 692 1071 727 passus
1090 686 1144 713 est
1161 678 1288 712 sedere
1300 705 1309 723 ,
1327 689 1398 712 nec
1411 675 1591 724 abigebat.
1618 677 1707 710 Post
1723 674 1856 710 horam

244 740 432 776 dimidiam
453 738 552 772 redii.
574 736 658 771 Vidi
677 736 854 771 bufonem
873 741 1063 771 incurvato
1083 735 1192 770 dorso
1209 744 1350 769 tumere
1363 762 1372 779 ,
1389 732 1545 782 pedibus
1562 738 1677 779 magis
1699 737 1854 767 extensis

245 803 345 846 quasi
368 801 456 840 niti,
483 794 548 829 sed
573 799 651 828 sine
671 802 801 837 motu,
831 802 867 827 et
890 797 1087 841 praecipue
1115 804 1246 840 corpus
1271 801 1379 826 antea
1407 790 1551 825 aridum
1574 799 1611 824 et
1638 788 1856 833 obscurum,

244 867 344 888 nuno
364 858 467 900 quasi
490 851 575 886 oleo
601 857 796 885 inunctum
824 849 972 884 madere
993 859 1030 884 et
1048 855 1175 884 nitere.
1215 850 1341 883 Lactei
1364 847 1517 895 liquoris
1544 845 1638 880 nihil
1660 845 1858 880 observavi.

246 910 340 945 Aliis
373 914 531 956 negotiis
559 908 751 942 distractus
777 912 940 941 exactius
972 916 1008 942 et
1036 906 1136 941 lente
1165 911 1278 941 vitrea
1303 910 1448 940 armatis
1472 902 1608 948 oeulis,
1639 912 1680 937 ut
1709 901 1859 950 liquorIs

246 966 389 1001 fontem
409 966 636 1012 detegerem,
661 969 871 998 examinare
890 975 969 997 non
989 969 1104 1010 potui.
1132 964 1258 1008 Quum
1278 962 1437 996 redirem
1455 970 1539 1008 post
1557 959 1672 994 horae
1691 963 1860 1006 spatium,

248 1028 397 1071 pristina
420 1026 562 1055 siccitas
587 1030 624 1054 et
649 1019 754 1055 color
780 1018 988 1053 redierant:
1016 1029 1137 1065 neque
1161 1017 1318 1065 amplius
1346 1017 1472 1052 aderat
1499 1028 1624 1050 musca
1649 1025 1770 1050 tenaX.
1798 1015 1862 1049 An

250 1091 330 1114 eam
350 1082 487 1112 voravit
502 1078 516 1110 Ἰ
545 1088 660 1122 quum
681 1085 789 1110 antea
808 1083 1021 1107 constanter
1039 1074 1143 1106 illam
1162 1084 1343 1108 recusaret
1356 1101 1364 1117 ,
1384 1079 1473 1120 quin
1491 1072 1636 1118 abigere
1652 1081 1836 1106 tentasset.

323 1135 466 1167 Ranam
490 1142 639 1179 parvam
664 1134 923 1177 temporariam
946 1134 1209 1176 patientissime
1232 1129 1376 1165 sinebat
1397 1135 1436 1163 in
1458 1133 1575 1176 capite
1594 1139 1660 1163 suo
1683 1127 1809 1162 sedere
1828 1136 1864 1164 et

252 1203 337 1226 cum
358 1189 422 1223 illa
445 1187 680 1230 ambulabat,
700 1196 736 1221 et
755 1192 893 1220 insecta
913 1184 1075 1221 vorabat.

325 1248 432 1294 Piger
452 1250 546 1280 satiS.
576 1243 736 1290 Quando
756 1249 936 1277 insectum
959 1242 1130 1278 distantia
1150 1243 1308 1278 duorum
1329 1242 1511 1290 pollicum
1532 1241 1725 1287 transibat,
1746 1246 1864 1276 intue-

254 1305 361 1340 batur
382 1303 532 1352 quidem
547 1330 556 1346 ,
580 1311 616 1336 et
639 1311 748 1349 caput
767 1299 1000 1348 aliquantum
1018 1298 1108 1334 illuc
1129 1299 1300 1335 flectebat
1313 1328 1321 1344 ,
1340 1299 1405 1334 sed
1426 1299 1590 1346 linguam
1609 1310 1687 1333 non
1707 1297 1866 1344 ejacula-

256 1363 362 1397 batur
377 1388 386 1405 ,
408 1366 476 1394 nisi
495 1364 580 1393 satis
598 1364 805 1406 propinque
831 1362 1009 1390 transiret.
1040 1356 1254 1404 Aliquando
1280 1366 1405 1391 tamen
1430 1355 1576 1390 obviam
1598 1355 1653 1389 illi
1673 1361 1745 1390 ivit.

330 1417 446 1464 Saepe
469 1414 617 1449 amabat
636 1419 675 1447 in
698 1413 821 1460 aliqua
839 1412 943 1446 fovea
957 1411 1101 1456 sedere,
1117 1422 1156 1446 ut
1172 1417 1375 1459 posteriora
1389 1420 1482 1445 terra
1498 1421 1617 1446 essent
1634 1411 1867 1446 circumdata.

331 1475 382 1509 D.
407 1486 439 1521 9.
469 1470 655 1520 Septemb.
678 1481 798 1504 rursus
816 1468 968 1503 nitidior
987 1478 1023 1503 et
1045 1468 1246 1503 coloratior
1267 1467 1357 1502 mihi
1380 1480 1418 1502 se
1444 1467 1599 1513 obtulit,
1619 1468 1682 1502 sed
1701 1480 1779 1502 non
1798 1467 1868 1502 hu-

260 1545 364 1569 mans
387 1543 456 1565 nec
482 1539 629 1576 turgens
651 1532 704 1562 uti
726 1527 759 1561 d.
782 1539 838 1561 21.
863 1526 956 1573 Aug.
979 1525 1042 1559 An
1066 1524 1124 1560 his
1143 1523 1370 1573 temporibus
1393 1523 1487 1560 forte
1507 1524 1706 1560 cuticulam
1727 1524 1870 1572 abjicit,

261 1600 366 1624 more
389 1585 652 1622 salamandrae.

335 1646 385 1680 D.
414 1658 463 1679 10.
485 1643 584 1691 Sept.
607 1648 645 1676 in
669 1640 780 1689 pedes
804 1640 987 1675 elevatum
1005 1652 1115 1688 quam
1130 1644 1291 1674 maxime
1312 1648 1459 1688 posset,
1482 1644 1679 1687 conspexi,
1699 1638 1872 1686 singulari

265 1699 475 1751 spectaculo
493 1728 501 1745 ,
525 1697 681 1733 brachiis
700 1697 944 1732 anterioribus
964 1709 1048 1731 cum
1069 1695 1299 1732 antibrachio
1326 1702 1365 1730 in
1385 1701 1582 1731 rectissima
1599 1695 1696 1729 linea
1715 1708 1872 1743 perpen-

266 1758 420 1794 diculari
439 1762 559 1805 posito
573 1783 582 1801 ,
604 1755 708 1803 quod
726 1760 803 1789 visu
822 1763 925 1788 tanto
949 1759 1064 1800 magis
1087 1763 1163 1788 erat
1182 1752 1377 1800 singulari,
1396 1751 1498 1800 quod
1524 1761 1560 1786 et
1585 1757 1695 1799 capiti
1714 1752 1874 1787 insiden-

268 1827 344 1852 tem
363 1813 530 1849 ranulam
553 1812 662 1847 simul
684 1811 865 1846 inclusam
887 1810 1027 1845 habuit.
1069 1812 1172 1845 Haec
1199 1809 1572 1858 ranula-temporaria
1597 1808 1768 1857 deinceps
1797 1821 1874 1844 non

269 1872 425 1921 amplius
446 1876 529 1905 visa.
559 1870 621 1904 An
646 1882 666 1904 a
694 1868 832 1903 bufone
855 1867 1092 1903 scorodosma
1117 1867 1318 1902 devorata?

344 1929 394 1964 D.
426 1928 475 1963 15.
494 1926 592 1975 Sept.
620 1925 769 1960 exhibui
800 1925 937 1960 larvam
959 1923 1163 1972 phalaenae
1184 1923 1434 1971 lubi-icipedae
1461 1933 1497 1957 et
1517 1934 1689 1957 araneam
1709 1921 1875 1958 diadema

273 1996 326 2021 sat
344 1996 527 2031 magnam.
556 1983 616 2017 Ab
642 1993 796 2030 utraque
818 1988 939 2030 potius
961 1986 1103 2025 timuit,
1120 1990 1155 2015 et
1175 1986 1294 2028 capite
1315 1980 1494 2015 inclinato
1511 1989 1547 2014 et
1567 1985 1604 2014 in
1619 1989 1752 2014 terram
1776 1986 1877 2027 quasi

275 2041 418 2078 defosso
440 2045 604 2084 evitavit,
624 2050 659 2074 et
678 2038 922 2088 aliquomodo
941 2043 1052 2072 etiam
1070 2047 1284 2084 retrogressa
1306 2047 1368 2072 est.
1396 2038 1521 2083 Quum
1539 2047 1709 2071 araneam
1729 2036 1879 2084 cuspide

276 2099 399 2147 aliqua
423 2109 608 2133 vexassem
627 2106 662 2131 et
680 2096 752 2130 alio
774 2105 989 2143 evagantem
1009 2093 1203 2143 aliquoties
1224 2092 1353 2127 bufoni
1375 2103 1461 2128 ante
1479 2106 1518 2128 os
1538 2094 1787 2141 projecissent,
1802 2092 1877 2138 illa,

276 2165 473 2203 postquam
499 2153 693 2202 aliquoties
721 2152 870 2187 dorsum
895 2151 1041 2186 bufonis
1066 2150 1358 2196 transcenderat,
1380 2156 1534 2185 immota
1557 2150 1707 2184 tandem
1728 2159 1813 2184 ante
1839 2162 1880 2185 os

278 2212 424 2248 bufonis
447 2213 568 2259 jacuit.
594 2212 665 2246 Hic
690 2209 832 2247 vultum
854 2222 973 2245 rursus
995 2214 1119 2245 erexit.
1144 2211 1193 2245 Et
1212 2209 1285 2256 jam
1308 2220 1440 2243 aranea
1456 2219 1602 2245 movere
1625 2207 1736 2255 pedes
1759 2212 1882 2255 eoepit
