2054 2748
876 128 1089 159 AVES.
1710 135 1789 178 139

186 220 425 259 terminatur,
453 219 574 248 antice
600 213 872 261 productiorem
896 222 933 247 et
959 217 1244 260 emarginatam‚
1272 217 1411 259 postice
1430 211 1633 249 breviorem
1652 225 1714 251 aut
1734 229 1788 251 re-

188 277 396 306 tractiorem
415 280 451 305 et
474 269 586 318 paulo
607 276 721 317 magis
741 274 1012 316 emarginatam.

257 329 340 362 Jam
358 326 442 373 lego
460 331 498 360 in
517 325 747 360 Barclzolc'm'
765 326 971 360 Anatome
992 326 1119 371 Cygni
1134 326 1167 371 5.
1184 326 1311 360 XVIII.
1339 337 1379 359 os
1401 330 1558 373 pectoris
1582 332 1619 360 in
1639 329 1786 375 quibus-

184 383 269 418 dam
292 383 454 418 solidum
481 394 580 428 esse,
612 394 812 417 concavum
839 387 877 415 in
903 380 1104 430 plerisque⁷
1138 381 1261 429 ampla
1292 387 1443 416 cavitate
1471 381 1666 430 mediaque
1685 395 1787 431 parte

183 451 360 486 porosum
372 467 380 483 ,
400 448 440 473 ut
454 451 587 486 aquam
601 437 787 472 admittat:
809 447 844 472 et
857 436 1081 485 quandoque
1096 443 1236 471 ratione
1248 444 1375 473 aetatis
1390 437 1449 473 hic
1461 443 1596 474 variare
1609 449 1785 476 naturam.

254 497 296 529 In
314 507 397 529 meo
417 505 547 530 trunco
564 505 674 540 quem
692 505 807 537 serVO,
821 503 984 527 stet-num
1002 504 1080 527 non
1098 505 1272 542 porosum
1291 500 1453 542 reperio,
1473 495 1537 530 sed
1550 495 1785 532 solummodo

181 556 219 585 in
238 557 381 586 sinistro
404 551 518 585 latere
537 549 623 583 duo
640 548 818 583 foramina
831 577 839 593 ,
862 549 926 583 sed
946 562 1064 584 rursus
1087 550 1343 598 superinducta
1363 550 1576 587 membrana
1598 552 1787 600 pellucen-

180 613 252 651 tia,
288 607 389 655 quod
412 616 449 640 et
474 617 594 640 versus
617 605 790 640 obtusum
815 611 927 640 sterni
958 612 1102 654 apicem
1132 607 1181 641 ad
1221 606 1391 641 dextrum
1425 607 1518 643 latus
1554 614 1785 657 conspicitur.

181 665 371 697 Costarum
391 674 468 695 non
483 667 645 709 quinque
668 662 727 708 (ut
743 661 792 696 ibi
808 662 970 709 dicitur,)
990 663 1053 697 sed
1073 673 1230 711 quatuor
1244 673 1388 699 tantum
1407 664 1610 712 apophysin
1630 664 1785 709 habent3

179 724 305 766 quinta
333 729 456 753 tamen
481 724 519 752 in
546 718 707 753 secunda
735 728 833 753 costa
855 718 990 763 adfuit,
1016 719 1080 754 sed
1108 733 1215 767 parva
1243 730 1280 755 et
1306 720 1526 769 imperfecta.
1554 722 1652 755 Ossis
1678 721 1784 769 pubis

178 787 270 822 apex
285 774 500 809 rotundatus
519 774 648 822 planus
661 802 669 818 ‚
690 774 818 809 dextro
835 775 1072 810 incumbente
1093 782 1254 821 sinistro,
1283 787 1319 811 et
1337 789 1562 825 quamquam
1578 776 1778 824 ligamento

177 841 391 874 nectantur,
423 841 547 865 tamen
572 830 745 876 mobilis,
784 841 823 866 ut
850 831 963 879 pelvis
987 832 1094 867 valde
1124 832 1267 867 dilatari
1298 840 1422 880 possit.
1457 832 1607 867 Sinistra
1631 834 1782 882 scapula

177 885 289 920 fracta
313 896 388 920 erat
407 896 443 920 et
459 886 687 921 consolidata
701 914 709 930 ,
737 892 899 921 exostosi
922 897 1048 932 enata,
1072 898 1111 923 ut
1128 894 1240 923 ictum
1259 895 1442 937 accepisse
1461 888 1634 924 videatur.
1661 892 1783 926 Mem-

176 941 289 976 brana
305 942 409 977 valde
430 952 529 977 tensa
549 953 584 977 et
598 942 673 977 fere
693 942 787 977 nulli
801 943 862 977 alii
881 950 975 991 parti
988 944 1121 979 adnata
1144 951 1213 979 nisi
1236 945 1402 979 crucibus
1419 945 1540 979 furcae
1563 945 1730 980 sternalis
1745 956 1781 981 et
1820 961 1823 964 ⁴

175 1008 309 1032 sterno,

248 1056 420 1088 Ceterum
446 1053 593 1101 capsula
615 1060 680 1088 ista
704 1059 815 1089 sterni
841 1059 964 1102 inepte
991 1068 1012 1089 a
1043 1055 1257 1090 Bartholino
1285 1055 1425 1101 efficta,
1449 1066 1487 1092 et
1508 1068 1625 1105 aeque
1654 1063 1779 1106 inepte

176 1109 270 1145 duae
288 1109 499 1144 bronchiae.
515 1109 624 1144 Haud
640 1109 770 1143 melior
789 1110 966 1144 Wedelii
978 1110 1090 1157 figura
1105 1118 1143 1146 in
1157 1113 1200 1148 E.
1216 1113 1265 1148 N
1280 1113 1316 1146 C.
1331 1113 1426 1147 Dec.
1442 1115 1473 1147 I.
1489 1114 1540 1148 A.
1557 1115 1612 1148 II.
1629 1114 1707 1149 obs.
1726 1128 1777 1150 12.

174 1179 210 1213 p.
231 1166 286 1201 30.
305 1175 340 1200 et
359 1165 445 1199 inde
465 1171 503 1199 in
527 1166 736 1200 Valentini
752 1166 961 1212 Amphiclt.
988 1167 1034 1202 P.
1054 1169 1108 1202 Il.
1127 1182 1164 1215 p.
1187 1168 1241 1203 56.
1261 1168 1339 1203 cal).
1365 1169 1449 1203 LV
1468 1169 1604 1203 Melius
1628 1175 1665 1204 in
1683 1171 1776 1204 Ber-

175 1222 246 1256 leri
268 1221 442 1269 Gazoplz.
463 1221 648 1268 1716.s0l.
671 1221 749 1256 cab.
771 1234 826 1256 20.
849 1228 1012 1268 quamvis
1034 1228 1153 1269 portio
1178 1232 1321 1257 tantum
1340 1228 1404 1265 sit3
1424 1223 1486 1256 ubi
1507 1233 1543 1258 et
1561 1230 1724 1259 cranium
1741 1236 1777 1261 et

174 1290 215 1312 os
230 1278 428 1322 hyoi'deum
441 1287 548 1312 extat.
569 1277 817 1324 (Bczrclzolitzi
836 1277 881 1311 de
900 1279 1222 1324 CygniAnatome‚
1243 1279 1391 1326 ejusque
1406 1288 1526 1314 cantu.
1543 1278 1650 1315 Hafa.
1675 1280 1765 1317 1608

174 1336 207 1370 3.
226 1333 385 1368 multum
403 1333 631 1381 philologiae
655 1343 690 1367 et
708 1333 866 1367 fabulosi
884 1333 1026 1378 habet.)

549 1447 760 1489 ANAS
806 1446 1183 1490 DIRCAEA.
1233 1447 1396 1491 Nobis.

250 1557 345 1591 Cera
367 1555 504 1598 nulla,
533 1565 654 1590 rostro
678 1556 789 1591 rubro
802 1585 814 1598 ‚
843 1556 931 1591 basi
945 1559 1058 1604 nigro
1069 1584 1082 1601 ,
1101 1570 1259 1605 corpore
1273 1560 1439 1594 cinereo.

244 1612 307 1647 Ab
324 1622 430 1647 anate
446 1624 562 1659 cygno
584 1622 620 1646 et
641 1611 744 1646 olore
772 1617 898 1660 utique
919 1613 1067 1648 diversa.

247 1672 387 1716 Corpus
407 1674 647 1703 vastissimum
661 1697 669 1712 ,
693 1668 833 1703 collum
848 1669 960 1716 longe
975 1675 1134 1705 crassius.
1162 1672 1303 1719 Corpus
1323 1677 1519 1709 cinereum.
1541 1675 1714 1711 Canorus.

247 1727 393 1771 Cygnus
416 1724 619 1771 polonicus.
650 1723 822 1759 Gesnen'.
853 1726 976 1770 Quem
995 1726 1093 1774 apud
1115 1726 1243 1775 Belgas
1268 1729 1519 1765 Zea-Sumam
1546 1738 1667 1767 vocari
1688 1733 1775 1769 dicit

173 1782 240 1817 Dr.
264 1782 489 1822 Bemzecus,
517 1781 986 1827 Batavo—Lugdunensis.

246 1836 428 1871 Gesnerus
451 1837 556 1883 (edit.
576 1836 742 1871 Francof.
768 1838 867 1879 1604.
886 1851 966 1886 pag.
988 1839 1137 1886 27513.)
1161 1840 1270 1876 dicit:
1293 1852 1443 1878 cantum
1461 1842 1572 1878 oloris
1599 1857 1675 1880 esse
1694 1859 1771 1881 me-

173 1894 276 1929 dium
294 1899 388 1927 inter
407 1892 516 1927 tubae
536 1905 668 1927 sonum
688 1903 724 1928 et
738 1906 867 1928 vocem
882 1894 1102 1939 humanam3
1122 1897 1223 1944 quod
1243 1907 1279 1931 et
1293 1897 1360 1933 sibi
1374 1912 1393 1934 a
1409 1905 1589 1947 piscatore
1605 1929 1613 1945 ,
1629 1908 1691 1950 qui
1707 1916 1769 1937 au-

172 1951 266 1986 disse
292 1955 524 1993 asseveravit,
559 1949 715 1984 relatum
742 1962 837 1995 esse,
864 1950 955 1986 dixit
983 1952 1228 1988 Reuchlimcs
1251 1954 1384 1989 leeol.
1413 1957 1463 1991 D.
1487 1957 1768 2004 Argentinensis.

174 2008 235 2042 Ad
249 2013 467 2055 piscatorem
489 2019 623 2054 nempe
638 2006 743 2041 illum
757 2019 931 2055 magnum
947 2009 1077 2043 vidisse
1096 2022 1253 2057 cygnum
1268 2024 1482 2060 suspensum
1493 2041 1502 2058 ,
1519 2025 1635 2049 rostro
1649 2015 1769 2061 rubro,

176 2073 284 2110 caput
306 2076 426 2098 versus
448 2068 577 2110 nigro:
604 2063 767 2098 retulisse
792 2063 899 2099 illum
925 2077 962 2099 se
984 2065 1107 2099 medio
1140 2066 1269 2111 hyeme
1296 2067 1425 2116 frigido
1452 2083 1525 2105 una
1555 2083 1637 2105 cum
1663 2077 1769 2106 sociis

174 2119 313 2153 audisse
327 2120 374 2154 ad
388 2119 558 2154 Rhenum
577 2132 706 2155 vocem
725 2119 791 2155 sibi
811 2126 1036 2168 incognitam
1051 2149 1060 2167 ,
1087 2134 1131 2156 ex
1151 2133 1254 2170 parte
1273 2130 1355 2160 voci
1378 2124 1582 2171 humanae,
1605 2138 1649 2160 ex
1668 2136 1770 2174 parte

177 2174 283 2210 tubae
304 2187 396 2209 sono
416 2176 583 2212 similem.
601 2178 709 2212 Hanc
728 2189 857 2214 vocem
875 2190 896 2211 a
919 2189 1036 2224 cygno
1052 2177 1118 2213 illo
1133 2179 1316 2227 prolatam
1337 2180 1452 2218 fuisse.

1497 2238 1521 2273 S
1548 2250 1570 2273 2
