2054 2748
878 153 908 181 A
939 151 970 181 V
1002 152 1027 182 E
1060 149 1092 182 S.
1709 147 1788 204 169

175 247 317 274 rectum
336 237 564 284 conjunctis,
588 235 760 272 omnibus
782 247 867 272 cum
886 240 965 285 ipso
987 247 1111 272 sterno
1133 237 1345 274 immediate
1370 240 1587 288 articulatis,
1614 249 1730 292 prima
1750 255 1787 281 et

177 306 305 331 octava
317 294 484 343 epiphysi
496 294 616 330 media
635 295 824 330 destitutis.
845 294 1015 341 Quatuor
1028 294 1251 330 intermediis
1268 295 1486 344 epipliyseos
1500 304 1603 345 apice
1619 308 1788 349 sequenti

176 362 299 388 costae
319 352 566 387 incumbente.
594 354 635 387 In
656 351 766 387 ardea
787 351 926 398 majore
950 361 1072 386 costae
1095 365 1199 388 verae
1219 365 1264 388 ex
1286 353 1426 389 duabus
1454 355 1616 403 partibus
1636 370 1787 406 compo-

174 398 263 445 sitae
286 419 431 445 tantum
457 415 640 458 quinque;
676 414 785 446 trium
806 413 970 456 priorum
998 408 1158 456 partibus
1182 410 1230 445 ad
1249 409 1427 458 angulum
1450 421 1601 446 acutum
1621 418 1786 450 coeunti-

174 466 259 509 bus3
294 472 520 515 perangustis
553 476 589 502 et
614 472 785 510 remotis,
819 464 1000 514 apophysi
1021 466 1265 513 gaudentibus
1292 478 1433 516 praeter
1457 468 1629 515 ultimam
1649 498 1658 515 ,
1695 483 1788 518 quae

175 529 286 558 etiam
305 536 383 558 non
409 530 478 572 ipsi
503 533 626 558 sterno
642 551 650 567 ,
678 523 743 558 sed
762 523 997 571 praecedenti
1017 533 1140 558 costae
1159 530 1328 559 nectitur.
1355 525 1597 574 Epiphysium
1619 539 1714 575 apex
1736 541 1790 564 se-

175 592 349 629 quentem
367 591 507 616 costam
521 592 600 615 non
618 586 726 628 tegit,
753 586 821 615 nisi
842 579 936 615 forte
957 585 1095 628 primae
1115 590 1237 616 costae
1256 593 1369 617 verae,

246 640 289 673 In
306 650 393 685 grue
407 637 592 673 vertebrae
607 636 760 672 ultimae
775 636 885 682 colli,
913 647 950 673 et
967 643 1076 672 trium
1095 637 1296 675 dorsalium
1314 644 1548 687 sequentium
1571 653 1703 690 corpus
1727 647 1790 677 tri-

174 694 263 743 plici
293 705 394 730 costa
426 693 566 729 elevata
588 700 685 730 intus
715 700 968 742 conspicuum.
997 693 1069 729 Sed
1096 696 1303 744 penultima
1329 697 1419 732 colli
1452 707 1594 733 tantum
1619 698 1790 748 simplici.

173 753 209 787 A
231 756 336 786 tertia
359 751 457 786 dorsi
486 751 599 786 fibrae
631 763 754 787 osseae
784 762 993 786 antrorsum
1019 765 1038 787 a
1059 765 1215 801 corpore
1240 765 1440 802 porrectae.
1470 756 1653 791 Foramen
1674 769 1791 792 unum

173 808 222 844 ad
242 808 315 843 duo
337 814 509 856 utrinque
530 808 576 843 ad
597 808 690 843 latus
711 815 874 857 corporis
893 809 1090 845 vertebrae.
1118 812 1161 846 In
1182 811 1291 846 ardea
1310 813 1450 858 majore
1470 818 1595 848 omnia
1614 818 1732 860 intus,
1752 820 1793 850 in

174 865 369 902 vertebrali
389 865 584 911 columna,
612 865 760 913 glabra,
787 865 986 914 simplicia,
1013 865 1152 914 absque
1171 866 1351 903 foramine
1377 867 1467 903 ullo.

246 924 328 970 Ego
349 934 497 958 carnem
515 928 624 959 maris
637 922 755 959 adulti
771 929 906 959 siccam
921 936 999 959 non
1017 923 1109 959 alius
1129 936 1241 973 quam
1260 924 1373 962 ferini·
1383 931 1520 973 saporis
1540 931 1667 976 reperi*

630 1043 909 1092 ARDEA
960 1043 1327 1088 CICONIA.

246 1153 341 1186 MEA
360 1153 481 1199 junior
508 1153 608 1200 1780.
628 1153 662 1188 d.
683 1167 740 1190 22.
764 1153 853 1189 Julii
877 1163 1005 1202 capta,
1032 1159 1212 1190 continuo
1238 1153 1417 1203 quaerulo
1440 1153 1672 1203 striduloque
1696 1167 1790 1190 sono

171 1208 328 1245 molesta
341 1236 350 1253 ,
364 1215 437 1244 sive
451 1209 587 1244 famem
605 1220 790 1258 pateretur
803 1217 875 1245 sive
890 1222 991 1258 pasta
1005 1239 1013 1256 ,
1031 1212 1134 1259 quod
1148 1224 1281 1259 paucas
1296 1221 1380 1259 post
1394 1218 1614 1259 septimanas
1630 1219 1792 1248 cessavit.

173 1267 236 1300 An
259 1265 440 1300 desiderio
469 1271 594 1300 matris
608 1267 623 1301 '3
652 1268 807 1301 Homini
829 1273 951 1302 statim
980 1267 1115 1302 abhinc
1143 1273 1262 1316 primo
1291 1268 1351 1303 die
1377 1273 1495 1303 amica
1525 1278 1560 1303 et
1587 1279 1790 1306 mansueta.

172 1324 294 1358 Prima
308 1327 386 1357 vice
405 1334 520 1369 quum
540 1333 729 1369 tangerem
741 1334 777 1358 et
788 1323 864 1359 alas
884 1323 1115 1369 mutilarem,
1133 1324 1236 1358 humi
1249 1324 1448 1372 procubuit
1462 1335 1497 1359 et
1516 1335 1667 1360 extenso
1689 1325 1790 1361 collo

171 1378 348 1426 humique
367 1377 482 1412 effuso
497 1383 643 1412 veniam
664 1384 766 1425 quasi
785 1384 890 1425 petiit
909 1389 946 1413 et
961 1385 1073 1413 vitam
1093 1385 1243 1426 rogavit.
1273 1382 1447 1427 Comperi
1462 1381 1549 1415 dein
1569 1393 1651 1415 eam
1668 1394 1687 1416 e
1702 1383 1791 1417 nido

171 1444 356 1470 exemtam
375 1443 412 1468 et
432 1446 496 1468 sex
520 1443 653 1470 octove
669 1435 742 1480 jam
761 1439 975 1482 septimanis
989 1434 1108 1469 multa
1123 1447 1208 1468 cum
1225 1448 1310 1470 cura
1326 1435 1441 1471 altam
1454 1435 1572 1472 fuisse.
1593 1437 1792 1474 Gloterans

171 1491 315 1527 collum
344 1490 499 1526 reflectit
529 1499 567 1525 et
592 1496 724 1538 supino
758 1496 878 1538 capite
905 1491 1140 1526 mandibulas
1165 1491 1295 1527 allidit.
1330 1492 1405 1527 Sed
1434 1504 1626 1540 metuens,
1659 1508 1688 1530 c.
1713 1509 1746 1544 g.
1771 1510 1791 1532 a

170 1550 310 1595 majore
328 1560 441 1593 cane,
469 1556 587 1582 rostro
603 1557 777 1596 protenso
792 1557 827 1583 et
841 1547 969 1583 inflato
990 1547 1107 1595 gulari
1126 1561 1233 1583 sacco
1246 1577 1255 1595 ,
1283 1548 1451 1597 gloterat.
1479 1552 1564 1587 Viso
1579 1558 1695 1600 prima
1715 1559 1791 1588 vice

171 1604 361 1655 porcello,
384 1604 591 1652 gloterabat
614 1615 669 1640 ter
688 1611 849 1653 repetitis
868 1605 1030 1651 vicibus,
1057 1605 1123 1640 sed
1142 1618 1221 1640 non
1242 1617 1413 1654 porrecto
1436 1607 1549 1644 eollo.
1572 1609 1792 1647 Gloterabat

171 1675 322 1712 quoque
343 1661 492 1710 quando
510 1672 611 1697 extra
627 1662 782 1698 domum
799 1667 936 1698 exierat
950 1690 960 1709 ,
985 1667 1194 1711 iterumque
1208 1663 1544 1712 intromittebatur,
1569 1667 1672 1716 quod
1686 1667 1792 1704 facile

170 1719 310 1756 ferebat
325 1747 333 1763 ,
362 1731 432 1752 nec
447 1718 707 1754 reluctabatur.

245 1775 363 1824 Saepe
377 1774 452 1810 alas
468 1781 610 1823 agitans
624 1785 659 1810 et
673 1774 930 1823 subgloterans
943 1781 981 1811 in
997 1776 1178 1812 circulum
1196 1777 1373 1826 agebatur
1390 1779 1545 1816 exiliens
1568 1791 1605 1818 et
1625 1782 1790 1818 volatum

170 1843 318 1870 tentans
339 1832 567 1880 (truncatam
588 1831 748 1868 habebat
769 1832 867 1868 alam
884 1834 1086 1882 sinistram)
1107 1834 1247 1884 absque
1266 1836 1459 1874 manifesta
1479 1852 1594 1875 causa.
1627 1841 1790 1876 Oseitare

171 1890 398 1940 quandoque
419 1889 502 1925 vidi.
531 1889 616 1925 Alia
640 1896 718 1926 vice
746 1895 849 1939 quasi
869 1903 935 1939 per
961 1891 1083 1927 lusum
1106 1898 1257 1942 arripuit
1282 1904 1400 1930 rostro
1420 1895 1560 1945 ligneas
1586 1897 1788 1933 trabeculas

170 1946 409 1994 famulosque
429 1956 464 1982 et
477 1946 672 1982 subsultim
693 1947 768 1983 alas
792 1948 968 1996 agitando
990 1955 1030 1984 in
1050 1949 1178 1985 orbem
1198 1950 1366 1988 discurrit
1381 1959 1587 2003 iterumque
1609 1955 1789 2004 deposuitss

172 2005 308 2040 Omnia
330 2015 423 2051 quae
443 2003 511 2039 sibi
531 2017 626 2040 nova
641 2004 852 2041 viderentur
874 2011 1045 2055 arripuit,
1073 2006 1238 2054 chartas,
1269 2009 1434 2057 calceos,
1460 2011 1631 2060 lapillos,
1652 2022 1686 2046 et
1709 2011 1788 2047 selis

171 2073 276 2096 more
307 2061 703 2109 circumgesticulanclo
729 2063 1009 2112 exultandoque
1041 2064 1157 2100 modo
1187 2076 1305 2102 rostro
1335 2074 1453 2104 emisit
1468 2097 1476 2113 ,
1513 2069 1626 2103 modo
1656 2074 1788 2103 iterum

173 2123 334 2165 arripuit.
355 2117 496 2154 Blanda
516 2129 703 2165 ceterum,
732 2126 905 2168 gravique
924 2133 1032 2168 passu
1059 2129 1274 2172 exspatians.
1300 2126 1366 2165 Uti
1389 2126 1436 2163 de
1456 2127 1579 2162 Ardea
1601 2126 1788 2163 numidica

173 2185 257 2209 eam
274 2173 404 2209 saltare
422 2175 532 2211 refert
550 2175 741 2213 Buffonius
760 2179 836 2213 VII.
850 2190 884 2226 p.
906 2176 984 2220 51²1.

247 2231 494 2269 Excrementa
516 2234 592 2280 ejus
611 2233 762 2283 liquida.

1505 2296 1540 2330 Χ
