2054 2748
861 132 1076 164 Avns
1702 139 1772 181 ιφ

173 232 288 269 usque
306 219 476 269 applicat.
502 220 545 254 In
559 223 736 254 societate
753 217 852 265 degit
871 223 908 251 iu
923 217 1112 253 arboribus
1132 216 1180 252 ad
1191 223 1395 265 quingenos
1409 229 1523 266 usque
1536 230 1777 256 sexcentenos

173 284 211 312 in
232 277 362 312 eadem
380 276 511 311 arbore
524 290 531 320 3
546 275 656 324 pullis
675 280 835 310 nonnisi
850 273 974 309 tribus.
1002 274 1118 309 Nidus
1133 274 1240 320 hujus
1256 273 1458 308 nelicourvi
1481 287 1590 322 quem
1610 277 1778 325 possideo

175 333 288 370 tribus
304 333 460 369 alterum
474 333 580 368 alteri
598 338 765 382 appensis
780 336 1004 379 compositus
1019 341 1081 366 est.
1109 330 1318 379 Longitudo
1335 340 1413 366 tota
1431 341 1484 366 est
1506 337 1614 366 trium
1633 334 1778 381 pedum.

172 391 307 426 Prioris
324 396 518 439 superioris
534 389 729 437 longitudo
745 388 848 437 pedis
859 393 965 422 unius
984 399 1069 422 curn
1081 398 1239 435 quatuor
1252 386 1450 436 pollicibus
1462 415 1471 433 ,
1487 387 1643 423 latitudo
1659 391 1779 426 media

173 452 284 481 trium
300 447 505 495 pollicu1n3
533 445 685 481 secundi
705 444 753 479 ad
770 444 938 479 canalem
960 449 1154 491 superioris
1175 450 1327 493 appensi
1345 444 1540 492 longitudo
1560 455 1645 480 octo
1670 447 1778 494 polli-

174 516 278 548 cum,
298 504 454 539 latitudo
470 503 591 537 media
610 513 695 536 cum
710 501 830 536 canali
845 512 908 535 sex
918 499 1119 549 pollicum3
1134 501 1329 548 longitudo
1345 507 1441 537 tertii
1457 501 1636 537 inferioris
1650 503 1782 537 eodem

174 560 288 596 latere
307 561 354 596 ad
372 565 563 595 introitum
581 570 818 593 communem
840 564 991 607 appensi
1015 568 1051 593 et
1070 558 1227 593 latitudo
1253 559 1383 593 cadem
1406 570 1492 593 cum
1515 559 1699 604 secundm
1726 572 1785 594 ca-

174 617 266 652 nalis
286 617 343 652 vel
361 620 531 651 introitus
546 614 639 650 infra
654 615 854 664 productus
877 625 1035 664 quatuor
1054 615 1235 664 pollicum
1257 615 1489 663 longitudine
1509 625 1546 650 et
1570 622 1680 652 trium
1700 616 1783 652 lati-

177 675 303 709 tudine
324 683 386 708 esr.
413 674 531 708 Totus
551 685 788 721 compressus.

247 731 337 764 Duo
356 728 444 765 tales
464 730 563 775 nidi,
590 730 748 765 alterum
767 730 871 765 alteri
885 736 1056 778 appensi,
1084 741 1241 778 quorum
1257 729 1410 778 figuram
1424 729 1659 765 IVIanclelslo
1671 731 1785 765 Retse

175 787 282 822 nach
305 787 513 821 Oscincllen
526 815 535 829 ‚
560 802 596 835 p.
616 787 672 823 60.
692 793 806 833 sistit,
841 793 987 835 proprie
999 787 1150 835 'psittaci
1168 797 1263 822 sunt.

250 842 419 878 Oriolum
436 855 511 878 esse
527 853 698 892 oportet,
719 843 928 891 phoeniceo
953 843 1120 889 affinem,
1154 844 1219 879 sed
1243 844 1360 880 cauda
1382 843 1509 888 rubra,
1531 844 1630 889 cujus
1658 845 1787 880 nidum

176 898 348 934 describit
363 899 634 935 Scedmcmnus
653 912 744 947 voy.
763 913 812 935 en
834 900 1035 935 Szcrinam.
1060 902 1114 935 II.
1132 915 1170 948 p.
1192 902 1248 936 82.

250 1027 476 1063 Paradisea
493 1029 623 1063 cristis.
648 1027 751 1063 Male
780 1040 846 1076 per
864 1028 1057 1077 Eisvogel
1077 1028 1337 1064 Beckmannus
1368 1029 1582 1066 Oeconom.
1601 1028 1790 1066 Bibltoclz.

176 1085 300 1119 XIII.
327 1098 364 1132 p.
390 1085 469 1126 233..
490 1090 748 1132 interpretatus
770 1095 843 1130 est,
871 1085 920 1120 ob
943 1085 1040 1120 male
1059 1085 1292 1122 intellectum
1311 1099 1451 1121 nomen
1477 1088 1633 1122 Marcia
1650 1115 1662 1129 ,
1689 1087 1791 1135 quod

178 1154 262 1176 cum
281 1141 632 1188 Illartt'n-peiclzeur
649 1142 854 1178 confundit.
881 1142 1050 1178 Moribus
1070 1154 1196 1179 sturno
1220 1143 1394 1179 accedere
1408 1143 1499 1179 mihi
1514 1143 1665 1179 videtur.
1682 1145 1792 1179 Man-

177 1208 301 1242 sueta,
327 1197 471 1232 homini
489 1198 636 1233 addicta
652 1226 660 1242 ,
685 1198 838 1241 docilis3
874 1200 976 1246 quod
1005 1201 1129 1235 retulit
1157 1201 1248 1234 mihi
1276 1202 1496 1243 Vavasseur,
1524 1206 1587 1247 qui
1610 1206 1647 1234 in
1670 1200 1792 1235 Insula

180 1257 354 1289 Franciae
373 1255 442 1289 Ao.
469 1266 567 1302 ¹792·
584 1254 682 1302 degit
699 1283 707 1299 ,
736 1268 835 1289 nuuc
867 1261 906 1289 in
930 1255 1037 1289 Valle
1057 1255 1297 1302 gladiatoriae
1328 1255 1498 1289 officinae
1527 1254 1792 1302 (Klingenthal

179 1314 313 1359 Vogesi
335 1310 492 1358 montis)
513 1317 708 1359 inspector.

535 1411 1437 1456 CUCULUSRUFUSan

252 1521 382 1568 thfits
396 1549 404 1562 ,
431 1519 566 1555 canda
588 1519 829 1562 rotundam,
851 1518 1064 1567 remigibus
1083 1519 1330 1554 secundariis
1343 1520 1549 1566 fasciacis.

254 1579 381 1613 Minor
400 1589 549 1612 canoro.
578 1577 731 1612 Videtur
750 1588 826 1611 esse
846 1581 913 1611 iste
938 1588 1049 1624 quem
1064 1589 1130 1624 pro
1146 1576 1279 1611 cuculo
1300 1589 1399 1612 mare
1420 1576 1483 1612 dat
1504 1576 1697 1614 Frischius.
1722 1578 1794 1614 Sed

180 1644 304 1684 pastor
319 1633 577 1670 Landbeckius
593 1633 881 1679 SundhusanuS,
907 1645 1023 1682 prope
1046 1634 1289 1681 Argentinam
1303 1662 1312 1679 ,
1340 1640 1401 1682 qui
1417 1634 1508 1669 mihi
1524 1635 1593 1670 Ao.
1618 1647 1648 1670 2.
1672 1635 1793 1683 (1795.

182 1691 318 1740 April.)
353 1691 476 1735 dedit,
503 1701 680 1725 asseverat
708 1703 745 1725 se
773 1697 915 1738 saepius
950 1701 1146 1739 utrumque
1175 1690 1325 1736 vidisse,
1358 1701 1554 1740 utrumque
1580 1698 1734 1727 secuisse
1760 1702 1795 1727 et

181 1754 370 1796 utriusque
393 1759 500 1782 sexus
516 1775 524 1791 ,
560 1753 598 1781 in
620 1757 778 1795 utroque
799 1760 867 1782 ova
892 1753 1076 1795 reperisse.
1104 1747 1214 1783 Illum
1240 1761 1350 1797 quem
1375 1749 1466 1784 mihi
1493 1749 1594 1784 dedit
1621 1749 1795 1785 feminam

184 1818 277 1840 esse:
294 1804 407 1851 [idem
420 1803 513 1838 mihi
526 1803 659 1839 allatus
674 1814 726 1839 est
741 1803 948 1839 Colmariae
960 1805 1030 1839 Ao.
1041 1806 1072 1841 8.
1086 1804 1229 1853 (ιφ-99.)
1243 1805 1329 1852 Ed]
1348 1806 1519 1841 Describi
1531 1812 1641 1841 etiam
1655 1807 1795 1842 aLiclz-

186 1862 385 1909 cetzltergio
404 1862 603 1909 Magazirz
625 1873 722 1909 179¹·
738 1864 911 1896 Ceterum
932 1874 1022 1897 voce
1041 1871 1077 1897 et
1093 1861 1339 1897 incubationis
1362 1868 1580 1911 impotentia
1600 1873 1794 1912 utrumque

184 1926 279 1954 inter
298 1931 334 1954 se
356 1925 573 1953 convenire:
601 1931 665 1967 per
686 1919 829 1967 aliquot
848 1930 991 1953 menses
1013 1931 1051 1953 se
1079 1918 1321 1954 melolonthis
1345 1919 1497 1968 aliisque
1520 1920 1719 1955 scarabaeis
1741 1926 1794 1954 in-

185 1982 365 2024 sectisquc
389 1981 593 2011 nutrivisse:
615 1981 653 2010 in
682 1985 774 2011 terra
795 1975 984 2011 incedere:
1012 1981 1199 2011 cinereum
1225 1976 1358 2011 habere
1381 1983 1549 2013 rectrices
1578 1977 1794 2020 duodecim,

187 2033 288 2081 quod
310 2046 397 2069 sane
418 2046 496 2068 non
522 2040 561 2068 in
581 2046 665 2068 meo
682 2062 690 2078 ‚
717 2033 837 2068 rufum
867 2043 991 2068 autem
1017 2032 1153 2068 habere
1182 2033 1321 2069 decem.
1349 2036 1390 2069 In
1413 2033 1493 2069 rufo
1521 2033 1659 2069 collum
1685 2038 1794 2067 etiam

186 2090 373 2125 fasciatum
393 2101 429 2126 et
452 2101 590 2139 pectus.

262 2147 355 2182 Mihi
372 2154 482 2183 etiam
498 2149 641 2184 videtur
657 2158 812 2197 uterque
826 2159 918 2184 voce
933 2146 1070 2183 differe.
1089 2149 1186 2183 Nam
1201 2148 1326 2183 medio
1351 2160 1476 2184 meuse
1498 2146 1632 2182 Florali
1650 2145 1793 2194 (Maio)

188 2202 309 2238 audivi
337 2205 409 2239 Ao.
425 2204 456 2238 ὅ.
475 2205 618 2253 (1794.)
646 2211 683 2240 in
697 2205 796 2251 sylva
812 2203 1156 2241 Eckbolshcmicnsi
1177 2218 1311 2242 sonum
1334 2205 1456 2241 cuculi
1481 2210 1543 2252 qui
1559 2216 1637 2238 non
1656 2212 1732 2239 erat
1756 2213 1795 2238 ut

1471 2262 1503 2295 Γι
1531 2273 1551 2295 ’.ἓ
