2054 2748
257 156 310 198 62
608 162 1096 196 osssERvArioNEs
1139 163 1514 194 ZOOLOGICAE.

550 249 736 293 Mus
809 233 1572 292 MINUTUS?PA1,L.

822 344 1060 390 Parvulas
1076 345 1101 391 ,2
1146 345 1188 389 N
1195 343 1309 388 obis.

303 428 373 463 Ao.
402 427 500 476 1785.
529 427 563 462 d.
604 439 653 461 10.
675 424 773 472 Sept.
792 436 908 473 prope
937 424 1225 473 Argentoratum
1258 433 1418 471 repertus
1449 436 1538 459 mus
1563 424 1759 472 parvulus
1776 453 1786 468 ‚
1815 426 1869 461 M.

257 489 413 520 minuto
450 484 555 519 Pall.
591 481 782 518 accedens.
824 482 1018 517 Assidebat
1046 482 1222 530 plantae3
1259 481 1390 516 oculos
1422 480 1552 516 habuit
1587 482 1756 527 clausos,
1799 494 1868 516 nec

257 542 427 578 incedere
451 549 606 589 poterat.
634 540 803 574 Domum
825 540 958 575 allatus
978 539 1166 574 lambebat
1195 539 1275 583 lac,
1302 538 1536 582 saccharum,
1564 551 1698 586 panem
1721 539 1870 574 saccha-

258 610 377 635 ratum
397 627 404 642 ,
442 603 518 645 pyri
537 595 699 631 frustula.
728 596 909 632 Comebat
937 607 973 631 et
1004 596 1168 643 lingebat
1190 608 1329 631 manus.
1357 595 1496 630 Oculos
1515 608 1706 644 nunquam
1725 608 1870 644 prorsus

260 656 466 706 aperiebat,
498 654 585 688 licet
612 666 745 688 cornea
776 667 842 702 per
874 664 1114 689 transversam
1142 652 1401 701 palpebrarum
1431 657 1560 686 rimam
1586 658 1869 700 conspiceretur.

254 714 370 750 Pedes
395 718 614 760 posteriores
639 710 828 759 paralytici
851 711 1022 746 videntur
1040 709 1169 755 fuisse,
1197 719 1233 745 et
1253 720 1340 745 ante
1365 722 1483 758 genua
1501 708 1689 744 macilenti
1715 720 1752 745 et
1777 722 1869 743 con-

255 775 375 806 stricti.
403 771 491 804 Post
515 779 672 816 quatuor
697 768 773 802 dies
794 777 970 802 mortuus.

328 829 447 875 Caput
471 839 668 874 magnum,
700 836 817 861 rostro
843 826 975 860 obtuso
992 853 1001 870 ,
1031 831 1189 872 occipite
1216 830 1460 872 prominente.
1490 822 1688 857 Auriculae
1711 822 1869 870 pilosae,

254 897 405 932 parvae,
433 897 538 932 supra
558 893 667 931 caput
685 896 759 917 non
782 889 996 918 eminentes.
1024 882 1139 917 Color
1156 881 1451 916 fusco-cinereus.
1479 880 1680 914 Abdomen
1695 879 1868 914 albicans.

253 941 371 977 Pedes
392 940 599 984 delicatuli,
627 946 749 974 carnei
771 940 923 985 coloris,
950 940 1133 987 unguibus
1154 938 1246 973 albis
1274 943 1443 972 minimis.
1473 940 1513 971 ln
1542 936 1783 972 anterioribus
1814 946 1870 971 tu-

254 997 446 1032 berculum
479 1003 658 1031 muricum
681 996 765 1030 loeo
800 997 970 1044 pollicis,
998 1001 1173 1030 interiore
1199 995 1312 1029 latere
1335 1004 1485 1029 auctum
1506 993 1579 1027 alio
1603 1007 1610 1027 :
1639 992 1725 1027 111110
1750 1005 1869 1041 oppo-

254 1061 363 1090 situm
379 1054 480 1088 aliud
502 1060 539 1088 in
566 1053 678 1088 latere
706 1064 854 1101 patinae
880 1063 1063 1087 externae.
1092 1053 1263 1086 praetera
1287 1050 1521 1086 tuberculum
1549 1050 1597 1084 ad
1619 1050 1720 1084 basin
1745 1056 1869 1097 singu-

255 1111 375 1146 lorum
395 1111 602 1159 digitorum.
632 1113 671 1145 In
697 1110 849 1159 pedibus
871 1109 1131 1158 posterioribus
1157 1107 1451 1157 pentadactylis,
1479 1107 1710 1142 tuberculum
1736 1112 1870 1155 pariter

253 1169 301 1203 ad
329 1168 430 1202 basin
452 1167 682 1214 singulorum
705 1167 926 1214 digitorum,
954 1177 993 1202 ut
1022 1177 1146 1202 tamen
1175 1166 1288 1213 digito
1312 1165 1435 1200 medio
1456 1174 1492 1199 et
1519 1174 1648 1212 quarto
1673 1176 1787 1198 unum
1809 1176 1869 1199 so-

253 1225 448 1259 lummodo
479 1236 678 1257 commune
700 1230 755 1258 sit.
784 1224 898 1271 Supra
924 1224 1014 1258 haec
1039 1223 1112 1257 duo
1139 1222 1209 1256 alia
1229 1222 1440 1265 tubercula,
1467 1221 1534 1257 illo
1559 1221 1660 1268 quod
1683 1231 1735 1255 est
1762 1234 1870 1269 supra

253 1280 430 1329 pollicem
460 1278 573 1326 paulo
607 1278 716 1313 altius
744 1278 878 1313 locato.
919 1281 1022 1312 Haec
1055 1278 1265 1326 plantarum
1297 1277 1487 1313 tubercula
1516 1283 1718 1324 nigricant,
1755 1290 1870 1326 quum

252 1337 459 1385 palmarum
483 1341 555 1370 sint
578 1335 672 1370 alba.
711 1336 836 1371 Gauda
866 1334 1199 1382 sesquipollicaris,
1237 1347 1392 1381 corpore
1425 1344 1577 1368 extenso
1605 1333 1771 1378 brevior,
1806 1335 1871 1369 sed

255 1392 489 1439 longitudine
527 1396 690 1438 eorporis
720 1395 909 1423 contracti.
941 1389 1112 1422 Annulos
1140 1389 1251 1423 habet
1289 1388 1384 1422 ultra
1417 1398 1567 1423 centum
1594 1395 1868 1437 quinquaginta.

253 1449 447 1486 Pellucere
467 1447 557 1481 milii
574 1446 745 1480 videntur
764 1445 952 1480 vertebrae
972 1450 1114 1480 circiter
1133 1451 1260 1492 viginti
1282 1457 1355 1479 sex.

328 1507 415 1540 Non
437 1514 490 1539 est
512 1516 592 1537 mus
614 1508 772 1550 agrarius
798 1502 905 1536 Pall.
935 1507 1071 1550 quippe
1097 1514 1170 1549 quo
1191 1507 1313 1536 minor
1340 1509 1416 1546 est,
1443 1511 1479 1535 et
1499 1501 1625 1536 colore
1650 1502 1768 1538 multo
1792 1503 1868 1538 013-

256 1569 374 1605 riore,
402 1574 470 1596 nec
492 1560 629 1595 lineam
659 1559 772 1593 habet
792 1565 828 1593 in
852 1559 973 1594 dorso.
1819 1591 1822 1593 ,

329 1621 418 1654 Non
450 1631 498 1653 m.
529 1623 705 1652 soricinus
733 1628 835 1651 meus
857 1644 865 1662 ,
893 1621 1030 1663 quippe
1056 1620 1166 1651 etiam
1184 1615 1257 1650 hoc
1277 1614 1409 1650 clarior
1434 1625 1487 1651 est
1512 1614 1639 1650 colore
1659 1626 1695 1651 et
1711 1626 1869 1651 rostrum

259 1678 440 1713 obtusum.

329 1737 418 1769 Non
438 1747 484 1769 111.
504 1733 655 1778 arvalis,
685 1745 759 1781 quo
778 1731 890 1768 habet
908 1732 1064 1767 caudam
1084 1732 1300 1779 longiorem.

330 1793 419 1826 Non
442 1804 489 1826 m.
516 1761 723 1835 musculus,
751 1789 801 1824 ob
824 1788 1004 1824 auriculas
1028 1795 1208 1834 minores,
1236 1801 1276 1823 os
1302 1787 1474 1824 obtusum
1501 1797 1537 1823 et
1566 1793 1650 1836 quja
1677 1793 1717 1822 in
1735 1775 1866 1837 campo

256 1847 303 1884 ab
321 1848 358 1883 h
360 1848 423 1883 ibit
426 1848 609 1883 ationibus
636 1857 780 1882 1emoto
799 1856 972 1895 repeltus.

330 1907 419 1941 Non
444 1905 606 1950 sylvatici
623 1907 744 1951 junius
765 1909 973 1952 specimen,
1001 1914 1075 1949 quo
1099 1901 1212 1936 habet
1229 1901 1409 1936 auriculas
1430 1899 1623 1935 breviores.

330 1965 420 1998 Non
442 1962 627 1998 betulinus
652 1961 759 1997 Pall.
787 1960 835 1995 ob
861 1959 1009 1994 easdem
1033 1952 1231 2003 auriculas,
1259 1968 1295 1993 et
1317 1958 1483 1993 colorem
1504 1967 1541 1993 et
1567 1963 1689 1992 minus
1716 1957 1868 2005 longam

260 2020 424 2056 caudam.

332 2079 411 2112 Nisi
440 2077 533 2112 adeo
567 2083 612 2112 sit
637 2082 775 2125 species
807 2088 923 2119 nova,
958 2085 1043 2108 cum
1074 2074 1229 2106 mimico
1261 2072 1367 2107 Pall.
1398 2077 1559 2106 maxime
1585 2076 1800 2116 conveniet,
1827 2080 1869 2106 ut

259 2145 383 2170 tamen
410 2133 553 2169 differat
584 2133 709 2167 colore
730 2161 738 2177 ,
778 2143 814 2167 et
848 2136 966 2179 capite
993 2130 1156 2176 majore,
1191 2138 1228 2164 et
1258 2129 1375 2164 oculis
1405 2128 1624 2174 majoribus,
1660 2138 1697 2164 et
1720 2127 1867 2164 defectu

260 2198 390 2239 unguis
410 2197 448 2226 in
470 2190 607 2240 pollice
626 2189 785 2238 palmae.

335 2250 500 2295 [Murem
522 2247 741 2295 parvulum
765 2251 913 2282 interim
935 2244 1148 2289 nominavi]
