2054 2748
821 147 1122 178 PISCES.
1686 159 1768 188 5⁹07

231 231 430 267 Pisciculus
459 231 636 266 uncialis:
668 235 763 265 inter
794 231 1019 276 Ralnsayana
1043 245 1063 267 a
1089 232 1197 268 fratre
1222 232 1363 269 allatus.

230 289 366 323 Radios
387 288 605 323 numerandi
625 288 814 335 hucusque
834 300 910 322 non
931 288 998 323 fuit
1020 295 1176 325 occasio,

231 345 302 392 (D.
322 345 355 381 6.
374 358 424 380 10.
445 357 500 380 20.
520 346 558 381 P.
579 353 629 387 14.
645 346 687 380 V.
706 347 737 381 ti.
760 345 803 379 A.
828 356 878 379 12.
900 347 938 379 C.
954 358 1010 380 20.
1031 356 1248 382 numerante
1270 347 1439 395 editore.)

564 474 1358 523 COTTUSSCORPsUs

226 582 411 629 HAniT'AT
433 599 541 628 ctiam
567 598 604 627 in
633 599 723 627 mari
741 593 1022 630 mediterraneo.
1058 594 1144 630 Vidi
1165 601 1263 630 enirn
1289 602 1326 631 in
1346 596 1569 633 collectione
1590 600 1759 637 Marsiliis

152 651 268 695 facta⁷
299 662 521 698 quamquam
542 650 783 686 Rondcletius
811 664 887 685 non
911 651 1036 687 habet.
1064 652 1187 700 Atque
1213 653 1277 688 ille
1307 654 1541 690 Massiliensis
1565 657 1760 694 rubescens

152 718 238 742 erat.
276 707 326 741 At
351 713 451 741 enim
477 719 575 741 nunc
604 713 714 741 etiam
741 707 972 756 aliquantum
1002 709 1162 745 diversus
1192 709 1281 745 mihi
1309 721 1385 745 esse
1413 711 1564 747 videtur.
1591 714 1759 751 Dorsalis

150 770 264 813 pinna
286 774 440 812 utraque
463 771 576 812 magis
606 767 803 812 conjuncta
833 777 868 802 et
898 767 1109 803 confluens:
1138 773 1239 816 prior
1265 773 1410 815 spinosa
1438 769 1546 804 radiis
1568 770 1759 819 undecim,

149 821 347 855 undecimo
369 821 536 869 longiore
563 834 674 870 quam
702 833 755 858 est
779 823 951 859 decimus.
990 825 1158 872 Margine
1177 823 1323 859 orbitali
1345 831 1519 873 superiori
1540 826 1759 878 nuchaeque

149 877 290 912 duabus
311 877 416 912 lineis
444 877 572 913 fortius
591 879 758 915 dentatis.
786 882 912 916 Pinnis
932 881 1155 917 ventralibus
1177 880 1369 929 aliquanto
1390 889 1504 930 magis
1522 891 1690 931 remotis,
1718 897 1760 922 ut

147 940 268 968 minus
288 934 383 968 bene
402 934 608 970 thoracicus
631 936 702 971 dici
721 943 858 984 possit,
882 944 1032 986 regione
1054 944 1148 974 intra
1168 937 1271 972 basin
1295 949 1452 986 quatuor
1472 939 1603 975 harum
1623 948 1757 989 pinna-

147 1003 227 1024 rum
248 990 388 1024 inclusa
416 991 586 1035 laeviori,
616 998 684 1026 nisi
709 993 782 1028 hoc
810 1007 831 1028 a
860 994 1038 1028 farciendi
1063 1000 1207 1028 ratione
1230 994 1398 1041 pendeat.
1437 997 1577 1030 Pinnae
1605 997 1756 1032 dorsalis

145 1050 354 1093 posterioris
382 1045 472 1079 radii
499 1056 643 1081 tantum
663 1047 791 1082 decem
811 1076 820 1092 ‚
843 1049 957 1083 analis
979 1058 1122 1084 tantum
1147 1059 1245 1085 octo.
1272 1049 1365 1085 Sunt
1387 1055 1486 1085 enim
1510 1057 1636 1099 utique
1659 1059 1755 1090 varii.

146 1103 189 1137 V.
204 1100 415 1136 chlmmel
437 1101 573 1136 Traice'
590 1101 638 1135 de
652 1101 794 1136 Pe‘elze.

523 1223 785 1267 PERCA
836 1223 1382 1269 LUCIOPERCA

214 1330 345 1364 MEUM
370 1333 558 1376 specimen
582 1327 785 1363 Pratisbona
803 1334 954 1363 missum
973 1340 1130 1376 corpore
1149 1338 1202 1363 est
1226 1339 1325 1376 grate
1343 1328 1567 1377 rufescente,
1592 1345 1675 1369 cum
1696 1348 1751 1371 ar-

141 1396 276 1434 genteo
297 1391 426 1419 nitore.
455 1384 638 1432 Squamae
656 1391 817 1419 minores
841 1398 953 1432 quam
983 1391 1020 1419 in
1043 1390 1153 1419 icone
1176 1385 1398 1431 Blochiana,
1424 1397 1460 1422 et
1479 1395 1585 1423 series
1611 1390 1751 1427 duode-

140 1449 213 1478 cim
232 1455 251 1476 a
266 1441 374 1476 dorso
395 1452 510 1488 usque
526 1440 573 1475 ad
592 1440 728 1475 lineam
748 1440 937 1476 lateralem
953 1469 961 1486 ,
982 1452 1096 1488 quum
1116 1446 1154 1474 in
1173 1446 1283 1475 icone
1302 1441 1505 1479 Blochiana
1527 1455 1667 1481 tantum
1686 1460 1750 1483 sex

140 1504 232 1541 sint;
257 1510 278 1531 a
306 1496 404 1530 linea
431 1495 574 1530 laterali
596 1496 645 1530 ad.
678 1506 845 1531 ventrem
868 1496 1101 1541 octodecim,
1130 1502 1169 1531 in
1196 1503 1305 1532 icone
1333 1499 1532 1536 Blochiana
1561 1503 1748 1542 tredecim.

138 1556 279 1591 Pinnae
297 1552 501 1601 pectorales
522 1562 558 1587 et
577 1552 759 1588 ventrales
778 1553 942 1599 ejusdem
962 1552 1097 1587 coloris
1117 1552 1252 1599 albidi,
1271 1568 1349 1589 non
1371 1560 1459 1591 item
1484 1563 1521 1591 in
1539 1564 1648 1594 icone
1663 1561 1749 1596 Blo-

139 1611 221 1646 chii.
250 1611 395 1644 Fasciae
410 1619 632 1644 transversae
645 1616 808 1659 corporis
827 1623 873 1645 ex
889 1609 1042 1646 maculis
1057 1616 1279 1660 interruptis.
1299 1613 1440 1648 Pinnae
1458 1614 1611 1651 dorsalis
1625 1628 1749 1654 autem

138 1677 209 1703 tres
230 1666 351 1701 lineae
376 1665 676 1713 longitudinales.

208 1808 359 1842 Percae
381 1819 520 1854 aspero
544 1815 584 1842 ec
608 1807 791 1854 asperulo
813 1820 945 1856 corpus
970 1817 1084 1853 teres,
1103 1807 1306 1854 fusfforme,
1333 1815 1435 1844 zonis
1459 1815 1622 1860 quinque
1645 1813 1743 1861 latis,

138 1865 289 1912 oblique
304 1869 522 1899 transversis.
551 1865 716 1912 Uterque
729 1863 791 1899 hic
809 1871 916 1914 piscis
936 1872 1056 1914 capite
1075 1877 1271 1913 squamoso
1285 1894 1293 1911 ‚
1309 1876 1345 1901 et
1358 1879 1456 1914 pone
1472 1868 1624 1905 dilatato
1643 1879 1743 1919 quasi

136 1929 313 1971 triquetro
335 1931 409 1965 est3
431 1934 505 1969 quo
527 1920 735 1956 charactere
753 1921 846 1958 forte
864 1923 1066 1972 aliquando
1083 1951 1091 1967 ,
1110 1922 1172 1957 ubi
1194 1928 1331 1971 species
1353 1924 1618 1973 multiplicatae
1640 1941 1742 1977 sepa-

134 1985 316 2015 rationem
336 1977 596 2025 postulabunt‚
617 1978 786 2026 distingui
808 1987 976 2028 generice
995 1989 1178 2028 poterunt.

207 2034 389 2083 Asperulo
414 2034 513 2069 oculi
537 2041 679 2082 magni⁷
701 2036 862 2071 strebero
882 2043 993 2085 parvi.
1021 2036 1203 2084 Asperulo
1225 2042 1339 2084 pinna
1361 2037 1514 2073 dorsalis
1528 2041 1610 2083 ¹340,
1639 2053 1741 2089 aspe-

133 2105 175 2128 ro
196 2095 253 2133 ⁵723·
280 2091 463 2139 Asperulo
485 2092 642 2127 vesicula
661 2098 764 2128 aerea
786 2100 931 2142 punctis
953 2100 1061 2141 nigris
1087 2099 1257 2138 irrorata,
1288 2107 1414 2142 aspero
1444 2108 1530 2143 pure
1558 2109 1739 2142 argentea.

97 2184 101 2185 ⁷
132 2147 315 2196 Asperulo
336 2148 522 2184 vertebrae
542 2151 607 2196 48,
636 2145 765 2199 aspero
786 2160 842 2194 42.
868 2150 927 2186 vel
948 2150 1003 2193 43.
1029 2152 1221 2186 Praeterea
1250 2152 1365 2187 cauda
1387 2158 1426 2186 in
1444 2164 1571 2199 aspero
1593 2153 1740 2202 longior

134 2215 171 2241 et
198 2209 438 2239 constrictior.

1356 2265 1390 2297 s)
1406 2277 1426 2298 o
1453 2277 1476 2300 2
