2054 2748
259 159 336 206 156
626 161 1103 195 OBSERVATloNES
1143 161 1525 190 zooLooicAE.

325 255 409 288 Vox
431 263 556 300 aspera
576 263 705 295 rauca,
733 259 843 297 quam
866 260 886 281 a
911 245 1079 282 canicula
1092 246 1159 281 sibi
1174 250 1306 281 timens
1322 250 1449 280 emisit.
1477 245 1642 280 Piscator
1656 243 1745 279 dicit
1759 255 1862 279 more

254 315 441 358 juniorum
462 308 719 344 columbarum
736 304 818 347 edi3
845 303 909 338 sed
929 303 1081 338 rancido
1107 315 1236 351 sapore
1256 311 1319 337 est.

328 367 444 403 Pedes
460 378 567 413 supra
590 361 801 412 geniculum
819 359 930 405 nudi,
956 365 994 394 in
1012 360 1136 395 medio
1152 359 1226 394 fere
1241 369 1397 406 corpore
1413 363 1522 406 positi
1534 386 1543 404 ,
1558 363 1648 393 recti
1663 386 1670 403 ,
1686 367 1725 392 ut
1740 363 1866 406 inepte

257 430 359 473 quasi
387 428 496 472 positi
519 421 731 463 videantur,
759 427 796 452 et
817 416 920 465 quod
948 421 986 451 in
1014 416 1128 465 figura
1151 427 1263 465 quam
1292 414 1514 450 Catesbaeus
1540 424 1682 449 sternae
1711 414 1869 448 stolidae

258 481 380 526 dedit,
401 492 500 515 error
518 481 667 525 pictoris
689 474 803 511 videri
821 483 966 522 poterat
980 501 989 518 ,
1015 479 1143 522 utique
1163 478 1213 507 sic
1238 484 1276 506 se
1295 470 1440 505 habeat.

331 535 587 572 Ventriculum
609 544 755 581 prorsus
781 531 915 566 eodem
938 529 1052 564 modo
1073 542 1116 564 ac
1137 535 1175 564 in
1202 527 1334 563 cuculo
1354 532 1516 576 positum
1539 530 1673 574 reperit
1693 524 1798 560 filius.
1826 524 1869 560 Id

257 597 332 641 jam
356 589 618 634 Schneiderus,
647 594 685 623 ni
705 587 837 633 fallor,
865 586 1092 632 observavit,
1120 591 1160 621 in
1183 591 1288 622 variis
1310 584 1435 620 avibus
1458 582 1706 618 ventriculum
1734 581 1869 616 eodem

259 650 373 686 modo
392 661 433 683 ac
451 653 489 682 in
510 645 643 682 cuculo
666 650 828 694 positum
847 656 945 689 esse,
968 643 1054 678 inde
1076 642 1364 692 explicationem
1384 642 1609 685 Herissanti,
1641 652 1704 674 cur
1719 637 1869 674 cuculus

259 720 337 742 non
363 703 535 750 incubet,
560 702 705 738 nullam
731 714 816 738 esse.

647 803 1154 850 RHYNCHOPS
1204 801 1479 845 NIGRA.

334 909 537 942 LINNAEUS
555 905 802 940 characterem
824 909 964 951 generis
987 902 1035 937 ad
1056 900 1228 937 Edwardi
1250 900 1403 946 figuram
1428 902 1703 932 concinnavisse
1723 895 1876 931 videtur.

260 965 306 998 In
326 975 410 997 meo
434 967 634 1010 specimine
652 971 804 1007 utraque
829 959 982 994 maxilla
1006 968 1059 993 est
1082 956 1256 1004 aequalis,
1270 955 1370 990 unde
1390 967 1474 989 casu
1496 964 1640 989 tantum
1658 963 1748 1001 puto
1768 965 1875 1001 supe-

264 1026 399 1054 riorem
425 1030 499 1052 esse
519 1017 723 1052 breviorem
740 1043 748 1059 ,
773 1021 826 1050 uti
846 1021 884 1049 in
912 1019 1016 1049 variis
1046 1013 1171 1047 avibus
1195 1016 1327 1058 reperit
1357 1009 1567 1044 Pallasias
1595 1009 1730 1055 Spicil.
1759 1009 1875 1043 Zool.

264 1077 376 1111 Fasc.
401 1076 470 1109 VI.
486 1088 523 1121 p.
544 1086 594 1108 12.
623 1074 795 1107 Rostrum
813 1081 954 1105 rectum
969 1098 977 1114 ,
1005 1069 1201 1104 cultratum
1216 1095 1225 1112 ,
1253 1078 1523 1114 compressum,
1552 1071 1627 1099 imo
1648 1070 1877 1113 compressis-

265 1137 418 1175 simum,
438 1140 478 1165 ut
497 1134 601 1177 apice
622 1127 694 1162 fere
707 1132 752 1162 sit
767 1126 1052 1161 membranaceo
1071 1123 1205 1167 flexili,
1231 1121 1378 1156 naribus
1393 1120 1590 1155 linearibus
1604 1120 1743 1155 inferne
1763 1133 1880 1169 prope

265 1193 469 1234 marginem
491 1191 576 1220 sitis.
605 1185 711 1218 Rima
735 1189 830 1218 inter
849 1192 1046 1229 utrumque
1069 1185 1272 1227 marginem
1290 1177 1465 1212 maxillae
1487 1182 1679 1225 superioris
1699 1182 1879 1224 angustis-

266 1249 356 1278 sima
371 1270 379 1287 ,
406 1247 586 1289 recipiens
604 1238 795 1274 maxillam
808 1238 1020 1272 inferiorem
1035 1238 1136 1283 cujus
1150 1246 1302 1283 uterque
1320 1247 1446 1281 margo
1463 1239 1501 1268 in
1517 1246 1630 1268 unam
1649 1234 1880 1269 scindentem

267 1305 385 1334 aciem
406 1303 502 1342 coit,
522 1307 713 1345 propeque
733 1294 835 1329 basin
851 1293 1016 1341 gibbam,
1043 1298 1278 1340 maximeque
1298 1302 1566 1339 compressam,
1585 1302 1654 1324 nec
1674 1289 1881 1337 longiorem

268 1361 464 1402 superiore.
493 1355 667 1387 Rostrum
686 1357 798 1386 etiam
818 1362 978 1385 crassum
998 1362 1076 1384 non
1100 1348 1196 1384 bene
1219 1347 1437 1382 adscribitur
1461 1352 1501 1381 in
1524 1346 1735 1393 Encyclop.
1763 1347 1880 1382 me'clz.

272 1408 466 1444 Omiclzol.
485 1421 522 1454 p.
552 1420 626 1441 100.

340 1467 429 1500 Non
453 1464 549 1498 bene
574 1464 758 1496 Linnaeus
777 1472 916 1495 nomen
934 1462 1085 1495 Barrerii
1103 1457 1401 1506 Rhynchopsalia
1424 1458 1494 1506 (sic
1518 1463 1617 1492 enim
1636 1457 1792 1493 scribere
1816 1459 1881 1494 de-

271 1521 402 1567 bebat)
416 1519 638 1555 abbreviavit
657 1523 844 1572 iil-vocem
858 1529 952 1564 quae
958 1517 1114 1563 faciem
1133 1524 1346 1550 rostratam
1364 1514 1687 1562 significat,quum
1702 1517 1883 1550 Barrerius

272 1578 430 1615 voluerit
450 1580 653 1624 exprimere
672 1575 838 1608 rbscmm
857 1573 1015 1620 forficis
1029 1575 1119 1606 vice
1132 1572 1323 1619 fungens.
1349 1572 1447 1606 Nam
1469 1570 1687 1616 Rlzynclzos
1702 1581 1880 1617 rostrum,

272 1644 308 1669 et
328 1633 463 1668 Psalc's
483 1631 647 1666 forficem
669 1629 859 1676 significat.
885 1630 1036 1663 Nomen
1054 1628 1141 1663 inde
1159 1634 1285 1676 utique
1299 1640 1320 1662 a
1337 1637 1455 1662 rostro
1478 1626 1645 1661 forficem
1667 1627 1880 1663 aemulante

274 1696 412 1738 primus
426 1692 599 1736 imposuit
618 1687 821 1721 Bar-retius
835 1684 1031 1720 Ortzlchol.
1053 1687 1261 1731 specimen.
1280 1683 1352 1719 Sed
1365 1683 1552 1731 duplicem
1575 1695 1735 1718 errorem
1754 1696 1882 1731 graece

273 1752 388 1793 magis
414 1744 574 1779 eruditus
594 1745 778 1777 Linnaeus
803 1747 984 1776 correxit:
1004 1746 1163 1789 primum
1182 1746 1444 1789 aspirationem
1463 1740 1737 1785 conservando,
1764 1750 1799 1775 et
1820 1740 1884 1774 Rlz

275 1802 469 1838 scribendo
491 1815 497 1835 :
526 1800 611 1835 dein
629 1814 659 1847 g
676 1811 848 1846 graecum
865 1804 903 1833 in
924 1812 965 1840 n,
986 1803 1039 1832 uti
1059 1797 1238 1843 decebat,
1264 1796 1455 1832 mutando.
1475 1797 1572 1833 Nam
1590 1796 1886 1844 Rygclzopsalie

275 1866 465 1908 scripserat
483 1860 672 1893 Barrerius.

589 1955 1362 2003 RHYNCHOCHASME.
1413 1954 1575 1999 Nobis.

352 2060 538 2093 Rostrum
565 2058 708 2099 hians,
742 2054 1072 2091 mandibularum
1097 2053 1346 2100 marginibus
1370 2066 1410 2088 se
1434 2066 1516 2088 non
1541 2051 1885 2098 contingentibus,

281 2117 447 2151 serratis.
469 2115 597 2150 Nares
620 2114 798 2148 lineares.
827 2111 954 2147 Pedes
978 2109 1244 2155 tetradaccyli.

355 2170 431 2204 Sub
450 2170 521 2205 hoc
545 2174 696 2203 nomine
719 2179 754 2203 et
771 2168 982 2202 charactere
1005 2179 1144 2202 novum
1166 2172 1338 2201 constitui
1358 2178 1465 2214 posse
1485 2177 1598 2213 genus
1616 2164 1710 2199 mihi
1727 2165 1888 2212 videtur7

282 2227 464 2263 formante
490 2225 626 2263 Ardea
650 2224 941 2273 pondiceriana
976 2224 1051 2270 (Le
1075 2224 1325 2259 Bec-ouverc.
1358 2221 1521 2270 Buffon.)
1551 2221 1604 2258 A.
1631 2221 1888 2258 commande-
