2054 2748
261 129 339 185 1824
650 137 1142 169 OBSERVATIONES
1174 137 1550 167 ZOOLOGICAE.

302 227 377 260 Ani
403 229 529 274 regiO,
568 229 788 272 uropygium
826 232 862 256 et
892 221 1029 256 caudae
1140 224 1182 257 In
1196 233 1277 256 mea
1292 219 1402 269 plane
1416 219 1663 256 immaculata.
1676 219 1863 255 Tectrices

253 288 423 318 tectrices
437 286 640 330 superiores
656 290 691 314 et
705 279 892 313 inferiores
909 277 1028 322 albae,
1093 278 1230 313 caudae
1270 275 1458 311 inferiores
1512 277 1649 311 medias
1694 280 1862 311 rectrices

254 339 409 374 maculis
421 337 528 374 fiiscis
543 337 713 382 oblongis
725 333 815 368 infi'a
832 333 1028 369 rarioribus
1091 334 1166 369 fere
1185 343 1366 383 superant.
1394 335 1435 367 In
1461 332 1577 367 altero
1604 342 1727 368 tamen
1747 337 1863 380 speci-

254 401 386 443 pictae.
1091 397 1189 425 mine
1210 397 1248 425 in
1267 394 1444 437 uropygio
1469 395 1580 437 apicis
1599 401 1724 436 margo
1747 389 1864 423 dilute

1091 447 1316 494 ferrugineus
1335 446 1436 480 fusco
1455 453 1604 480 cinctus.

304 508 415 543 Alae
434 504 549 542 cauda
568 503 800 551 aliquantum
821 501 1027 550 longiores,
1140 502 1232 537 Alae
1255 501 1370 537 cauda
1395 501 1507 536 tribus
1536 510 1737 550 quatuorve
1756 499 1864 535 lineis

254 563 455 600 bifurcatae
472 590 479 606 ,
520 570 620 595 totae
654 565 820 594 cinereae
836 588 844 604 ,
878 558 1027 594 fasciola
1092 559 1296 607 longiore53
1324 564 1489 593 cinereae
1509 558 1583 592 dici
1601 571 1678 592 non
1697 566 1862 604 possunt,

255 631 454 658 transversa
475 616 665 662 obsoleta,
687 615 882 652 albicante.
1091 616 1156 651 sed
1174 615 1296 650 fuscae
1309 620 1430 663 potius
1450 620 1503 649 uti
1521 614 1680 648 dorsum.
1697 611 1864 647 Fasciola

1091 673 1215 708 adesse
1252 671 1418 716 videtur,
1454 682 1541 705 nam
1571 669 1646 704 alas
1678 668 1863 716 explicare

1092 738 1272 777 quantum
1286 727 1421 762 vellem
1436 739 1513 761 non
1527 737 1686 774 possum.

303 789 489 836 Remiges
518 791 696 834 primores
718 784 1027 829 fusco-cinereae,
1139 784 1285 820 Eodem
1312 784 1438 818 modo.
1470 784 1600 829 Margo
1635 785 1796 815 anterior
1826 790 1863 816 et

256 844 493 880 rhachidibus
513 842 614 878 albis.
1091 853 1186 890 apex
1221 846 1334 887 magis
1372 839 1461 873 fusci
1477 866 1486 885 ,
1523 849 1650 885 margo
1682 842 1863 885 posterior

1092 904 1206 946 magis
1226 903 1400 931 cinereus.

305 956 552 992 Secundariae
590 954 765 989 undecim
807 955 855 989 ad
900 960 1029 1001 viginti
1117 954 1363 989 Secundariae
1373 951 1545 986 undecim
1557 949 1604 985 ad
1618 955 1744 997 viginti
1755 948 1865 983 sube-

256 1011 446 1060 aequales,
463 1011 614 1046 obtusae
626 1038 634 1053 ,
650 1015 912 1057 emarginatae,
928 1015 1028 1043 cine·
1092 1016 1317 1057 marginatae
1332 1013 1495 1054 margine
1512 1011 1696 1040 anteriore
1707 1032 1715 1048 ,
1738 1017 1864 1052 margo

255 1081 339 1104 reae
379 1074 482 1116 apice
521 1066 666 1102 albidae
686 1080 694 1108 3
730 1065 891 1112 reliquae
922 1065 1029 1099 valde
1059 1061 1063 1085 ¹
1093 1066 1272 1101 candidus
1286 1064 1430 1099 videtur
1444 1062 1582 1097 lineam
1601 1067 1708 1095 istam
1725 1060 1865 1095 alarum

258 1123 451 1170 elongatae
468 1150 475 1166 ,
517 1127 746 1156 acuminatae
767 1148 774 1163 ,
818 1125 1028 1154 virescenti·
1093 1119 1727 1166 constituere.Elongatarumautem
1738 1129 1863 1165 margo

257 1185 442 1224 cinereae,
467 1176 690 1226 marginibus
712 1175 967 1212 albicantibus.
1094 1183 1132 1212 in
1144 1176 1391 1225 ferrugineum
1403 1174 1521 1210 tendit
1534 1202 1542 1218 ,
1555 1173 1619 1208 sed
1632 1172 1775 1207 fuscum
1785 1172 1866 1208 illa-

1094 1246 1175 1268 rum
1194 1232 1360 1267 colorem
1375 1237 1435 1266 vix
1451 1237 1490 1266 in
1515 1230 1668 1265 obscure
1686 1234 1866 1264 virescen-

1092 1301 1168 1326 tem
1181 1301 1328 1337 vergere
1346 1288 1465 1323 vide0.

1143 1349 1377 1382 Conveniunt
1391 1349 1526 1378 omnia.
1546 1342 1660 1377 Addo
1681 1341 1867 1377 maculam

1093 1407 1205 1449 apicis
1217 1400 1341 1434 albam
1355 1399 1432 1433 basi
1451 1408 1605 1432 cuneata
1624 1404 1663 1432 in
1681 1397 1866 1446 reliquum

1094 1468 1236 1505 pennae
1257 1454 1399 1490 fuscum
1419 1453 1585 1489 colorem
1604 1459 1706 1502 quasi
1725 1453 1838 1501 infigi.

309 1349 502 1382 Teccrices
520 1352 699 1393 remigum
719 1355 876 1393 quatuor
890 1351 1028 1392 primo-

255 1416 337 1439 rum
357 1403 478 1437 fuscae
492 1430 500 1446 ,
530 1402 691 1449 reliquae
714 1407 898 1444 cinereae,
924 1406 1028 1447 apice

257 1460 404 1503 albido‚
429 1463 596 1493 tectrices
616 1456 749 1492 axillae
775 1466 811 1490 et
837 1455 927 1491 disci
951 1455 1028 1490 ala-

257 1529 340 1552 rum
359 1515 667 1550 dilute-ciuereae.

306 1581 416 1616 Alae
445 1579 570 1616 subtus
599 1588 635 1614 et
664 1575 943 1626 hypochondria
972 1581 1028 1610 ni-

258 1648 334 1673 vea.

1058 1284 1064 1476 ΙΙ

1140 1578 1277 1612 Niveus
1297 1575 1403 1611 color
1424 1573 1551 1610 subtus
1581 1573 1626 1609 de
1656 1573 1865 1609 tectricibus

1094 1632 1328 1668 inferioribus
1343 1630 1628 1678 intelligendus,
1650 1643 1735 1665 nam
1756 1636 1865 1664 remi-

1093 1702 1154 1737 ges
1169 1689 1295 1725 subtus
1309 1688 1473 1734 ejusdem
1490 1697 1573 1722 sunt
1597 1686 1731 1721 coloris
1752 1698 1864 1734 quam

1091 1758 1210 1794 supra.
1242 1746 1373 1792 Margo
1407 1754 1532 1779 tamen
1564 1742 1706 1778 alarum
1738 1742 1863 1778 subtus

1093 1807 1232 1849 exiguis
1259 1807 1390 1850 pennis
1413 1800 1612 1844 formatus,
1642 1798 1727 1833 albo
1744 1798 1863 1834 fusco-

1093 1870 1164 1906 que
1181 1857 1380 1892 undulatus
1403 1867 1465 1893 est.

1147 1915 1310 1949 caudae
1333 1913 1494 1962 aequalis
1518 1911 1712 1960 longitudo
1735 1917 1795 1946 vix
1821 1911 1864 1946 li-

1092 1983 1245 2005 nearum
1261 1971 1473 2018 quindecim
1495 1969 1579 2017 (sed
1592 1967 1863 2003 Giildenstaed-

1093 2033 1163 2061 tius
1178 2032 1215 2060 ni
1227 2025 1336 2061 fallor
1347 2038 1514 2061 mensura
1527 2024 1671 2073 anglica
1683 2037 1766 2058 usus
1777 2024 1862 2071 est.)

1095 2084 1226 2130 Margo
1242 2082 1347 2117 albus
1367 2083 1490 2118 deficit
1510 2088 1549 2116 in
1565 2087 1668 2129 apice
1681 2108 1689 2124 ,
1708 2079 1773 2115 ubi
1789 2079 1862 2115 fus-

1096 2152 1158 2174 cus
1184 2138 1289 2173 color
1316 2151 1430 2186 usque
1455 2144 1492 2173 in
1515 2142 1782 2172 extremitatem
1800 2141 1862 2170 ex'-

1096 2195 1265 2232 tenditur.
1297 2194 1445 2230 Albedo
1471 2206 1620 2243 quoque
1644 2203 1767 2230 totum
1790 2191 1864 2228 fere

1678 2256 1863 2286 internum

312 1918 449 1953 Cazedcz
466 1917 596 1962 brevis,
619 1917 709 1952 duos
729 1915 883 1964 pollices
896 1914 1029 1961 longa,

261 1974 440 2018 rotunda,
474 1980 642 2009 rectrices
677 1973 875 2008 duodecim
908 1970 1029 2005 fusco-

263 2036 429 2065 cinereae
445 2057 452 2073 ,
485 2030 719 2066 rhachidibus
735 2027 1030 2077 marginibusque

262 2086 514 2123 albicantibus.
