2054 2748
273 116 356 161 226
657 127 1127 161 oBsErtforonEs
1174 128 1530 160 ZOOLOGICAE.

273 215 434 250 Decima
453 213 548 249 hora
569 219 688 250 noctis
708 220 811 250 visito
825 241 834 259 ,
853 223 889 248 et
908 218 1091 248 minorem
1114 225 1209 261 aqua
1233 225 1387 248 mersam
1404 241 1412 258 ,
1430 215 1610 260 majorem
1629 223 1729 250 extra
1748 226 1883 263 aquam

273 277 426 320 reperio.
453 272 610 319 Repono
633 277 671 305 in
695 271 809 315 cella,
839 282 886 304 ne
913 270 1022 318 frigus
1048 281 1273 305 nocturnum
1292 269 1386 305 forte
1407 270 1582 306 laederet.
1617 271 1748 306 Altero
1776 283 1883 305 mane

272 341 407 377 aquam
427 328 611 376 pisciculis
632 339 784 363 vacuam
801 332 954 376 reperio.
974 330 1108 375 ignoro
1129 341 1176 362 an
1190 327 1306 375 pridie
1323 327 1521 361 testudines
1537 337 1653 363 noctu
1666 333 1883 372 voraverint,

272 398 321 420 an
352 385 430 419 felis
456 384 645 420 abstulerit
679 390 834 431 piscium
866 390 1123 420 amantissima.
1163 387 1363 432 Cyprinum
1388 384 1594 419 amarulum
1618 385 1694 421 vidi
1716 396 1883 427 vorasse3

276 455 355 477 non
378 442 536 477 libenter
558 451 682 475 tamen
708 451 747 476 ut
770 441 922 476 videtur.

345 500 486 544 Major,
506 510 551 532 an
572 496 706 533 semina
723 500 738 532 '!
764 511 873 547 saepe
893 512 988 547 aqua
1009 508 1086 534 tota
1105 510 1243 544 mersa,
1268 510 1383 546 quum
1402 497 1516 532 altera
1531 503 1674 544 minor,
1693 509 1885 545 nunquam

272 555 327 591 illi
341 560 527 590 immorari
541 565 690 590 amaret.
712 556 935 591 Pisciculum
951 562 990 591 in
1010 568 1104 604 aqua
1118 569 1249 591 vorans
1266 565 1299 590 et
1316 555 1601 602 ‹reglutitionem
1617 554 1776 589 moliens
1790 565 1885 588 sem-

271 625 337 662 per
372 610 487 646 bullas
519 616 641 647 aereas
673 625 718 647 ex
746 614 894 648 naribus
931 626 997 662 per
1023 625 1157 661 aquam
1189 618 1332 647 eniiitii.
1368 613 1416 646 D.
1438 611 1645 646 25.F10ra1.
1670 612 1745 646 VII.
1768 616 1885 658 prima

272 676 349 705 vice
369 668 554 704 observavi
574 680 768 718 utramque
790 683 885 719 aqua
909 682 1087 715 mersam,
1116 675 1235 717 capite
1265 682 1342 703 non
1365 674 1622 717 prominente,
1653 668 1755 716 quod
1778 677 1886 702 antea

271 738 461 774 nunquam
481 727 564 761 vidi.
606 727 771 775 Tempus
791 737 866 763 erat
885 728 1062 777 pluvium.
1092 726 1242 774 Saepius
1265 735 1455 762 evaserunt
1477 737 1522 759 ex
1547 724 1754 771 ergastulo,
1783 723 1886 772 quod

271 785 329 819 vei
357 789 395 817 in
423 783 560 831 angulo
588 784 770 832 unguibus
789 784 977 820 haerendo
1004 791 1146 832 magnis
1171 783 1423 817 moliminibus
1442 788 1687 825 eniterentur,
1706 780 1765 816 vel
1790 786 1887 815 inter

271 850 443 875 truncum
463 846 543 875 vitis
566 852 786 890 murumque
817 854 855 877 se
887 841 1183 890 transprimendo
1213 849 1249 874 et
1277 840 1441 887 rependo
1466 844 1591 887 quasi,
1612 847 1823 881 evaserunt,
1850 845 1886 872 et

270 897 490 947 plerumque
513 897 560 932 ad
586 897 689 932 basin
712 905 806 934 muri
825 899 991 934 meridiei
1012 903 1172 947 oppositi
1195 896 1262 931 sub
1281 896 1405 944 aliqua
1427 896 1553 944 planta
1580 894 1777 929 latuerunt.
1806 892 1886 927 Ali-

271 954 421 1003 quando
443 967 516 989 una
538 954 686 989 illarum
704 961 743 990 in
762 956 857 990 illud
878 956 1059 1003 fastigium
1085 961 1184 989 enisa
1204 964 1279 987 erat
1298 964 1339 987 ut
1358 953 1524 1000 lapidum
1549 957 1637 987 strui
1658 949 1888 985 incumberet

274 1020 309 1045 et
337 1016 586 1058 aptit-aretur,
618 1011 717 1046 unde
745 1011 922 1045 facillime
950 1017 1126 1060 potuisset
1157 1009 1315 1056 effugere
1347 1019 1448 1043 extra
1480 1007 1714 1056 ergastulum.
1750 1008 1887 1041 Verum

269 1079 331 1102 me
352 1073 426 1101 viso
441 1066 580 1113 aufugit
599 1079 711 1111 ocyus
729 1077 927 1101 retrorsum
940 1095 948 1111 ,
972 1078 1008 1100 et
1023 1073 1061 1100 iu
1076 1066 1299 1112 ergastulum
1313 1077 1420 1099 suum
1442 1077 1480 1098 se
1501 1065 1671 1110 conjecit.

343 1123 456 1156 Anno
481 1123 571 1156 vm.
591 1121 692 1156 volui
712 1128 895 1157 minorem
914 1121 1113 1170 Schoepfio
1130 1119 1330 1167 Erlangam
1350 1125 1505 1155 mittere.
1532 1122 1760 1168 Deprompsi
1784 1119 1888 1155 illam

271 1192 318 1215 ex
338 1178 432 1213 cella
446 1206 454 1222 ‚
480 1178 629 1226 vidique
644 1189 741 1214 artus
767 1191 895 1213 omnes
915 1178 1153 1226 languentes,
1176 1176 1279 1212 laxos
1292 1206 1301 1222 ,
1324 1188 1488 1222 exertos,
1508 1183 1704 1226 praecipue
1721 1177 1888 1223 caudam,

272 1247 313 1272 ut
335 1246 461 1271 tamen
483 1245 593 1284 caput
612 1246 810 1271 retractum
828 1246 931 1271 esset⁴
959 1234 1187 1270 Moribunda
1205 1234 1420 1279 videbatur;
1447 1245 1527 1270 tum
1540 1247 1653 1282 gener
1666 1239 1741 1282 igni
1755 1234 1886 1269 admo-

271 1299 322 1331 vit
341 1303 377 1328 et
399 1298 530 1342 pannis
550 1292 678 1328 calidis}
699 1293 872 1338 involvit,
893 1305 968 1342 quo
988 1292 1082 1328 adeo
1098 1301 1261 1327 recreata
1280 1301 1352 1336 est,
1371 1301 1411 1327 ut
1425 1291 1546 1328 valide
1560 1301 1658 1327 artus
1676 1291 1887 1337 retraheret,

272 1357 347 1386 imo
370 1360 411 1385 ut
434 1350 656 1394 retulerunt,
675 1363 800 1384 morsu
828 1350 983 1396 digitum
1004 1359 1204 1397 appeteret.
1230 1348 1431 1383 Pisciculos
1458 1361 1550 1396 quos
1572 1347 1786 1396 praeberem
1809 1361 1888 1384 non

273 1406 406 1451 habui,
434 1417 553 1453 neque
573 1411 771 1453 tetigerunt
793 1415 936 1452 pastam
956 1404 1208 1438 furfuraceam.
1235 1405 1285 1437 At
1304 1413 1453 1450 postero
1471 1404 1529 1437 die
1542 1409 1724 1438 verissime
1742 1414 1886 1440 mortua

273 1473 416 1512 reperta
440 1472 503 1497 est.
543 1461 712 1496 Alteram
730 1462 910 1507 majorem
930 1460 1163 1507 vividamque
1187 1459 1385 1507 Schoepfio
1409 1465 1490 1495 misi
1514 1460 1646 1508 (quam
1664 1460 1886 1501 Schreberus

275 1530 360 1570 post
380 1518 569 1568 Schoepfii
591 1528 750 1553 mortem
769 1518 890 1552 adhuc
910 1527 1037 1553 servat.
1064 1515 1153 1562 Ed.)

662 1634 932 1679 Observata
962 1641 1013 1678 in
1044 1631 1294 1678 Testudine
1316 1650 1506 1694 graeca.

348 1750 532 1796 QUINQUE
555 1753 755 1796 specimina
779 1752 921 1782 circiter
947 1748 1017 1781 Ao.
1047 1746 1145 1793 1785.
1173 1744 1383 1792 Stutgardia
1409 1757 1429 1779 a
1456 1745 1524 1779 D.⁰
1544 1744 1885 1793 Hopfengaertnero

277 1806 472 1843 Archiatro
490 1812 624 1854 accepi.
652 1807 709 1840 Ex
728 1818 800 1839 una
820 1804 987 1839 sceleton
1001 1803 1080 1837 feci.
1103 1802 1274 1837 Alteram
1294 1801 1424 1836 fartam
1444 1814 1630 1837 conservo,
1650 1802 1887 1836 Tertiae‘sce-

275 1865 379 1902 leton
402 1863 657 1912 imperfectum
683 1875 798 1898 servo.
824 1864 895 1897 Pro
917 1870 1067 1908 quarta,
1088 1871 1198 1907 quam
1218 1871 1284 1907 pro
1306 1858 1449 1904 jusculo
1469 1859 1573 1903 dedi,
1593 1859 1679 1893 dein
1694 1859 1782 1894 duas
1796 1858 1886 1894 alias

276 1927 411 1970 accepi.
439 1922 529 1954 T1es
546 1920 637 1954 adeo
657 1928 863 1967 supersunt,
881 1930 970 1965 quas
988 1916 1110 1952 adhuc
1129 1916 1200 1950 alo.
1231 1916 1320 1963 (Ao.
1340 1915 1460 1963 1798.)
1490 1916 1598 1950 Duae
1617 1925 1701 1950 sunt
1715 1914 1886 1961 feminae,

277 1992 349 2015 una
369 1991 454 2013 mas.
491 1979 586 2012 Huic
609 1990 704 2025 apex
726 1976 865 2011 caudae
886 1986 1008 2022 ungue
1030 1979 1219 2008 incurvato
1235 2001 1243 2017 ,
1271 1985 1432 2017 corneo;
1459 1978 1533 2008 istis
1557 1973 1673 2008 cauda
1697 1983 1885 2018 truncata,

278 2036 418 2071 obtusa.
446 2036 553 2068 Hanc
573 2046 677 2069 sexus
703 2033 944 2068 differentiam
973 2043 1049 2066 esse
1077 2029 1202 2065 retulit
1226 2029 1399 2077 quidam,
1421 2035 1484 2078 qui
1506 2029 1629 2078 plures
1652 2029 1750 2065 vidit.
1780 2029 1886 2075 (Una

277 2093 515 2135 feminarum,
535 2103 644 2139 quam
665 2093 866 2125 Hammero
890 2094 1014 2137 generi
1035 2087 1260 2122 colmar-iam
1281 2087 1474 2132 dederam,
1501 2088 1547 2121 A.
1568 2087 1643 2121 VII.
1664 2086 1698 2121 d.
1715 2100 1769 2120 22.
1787 2085 1884 2121 Flor.

281 2149 424 2197 (1799.)
454 2158 598 2183 mortua
624 2157 763 2196 reperta
789 2157 853 2182 est.
894 2149 936 2182 ln
961 2150 1084 2180 ovario
1110 2152 1260 2192 copioso
1281 2142 1386 2191 plura
1412 2156 1479 2178 ova
1507 2143 1762 2190 magnitudine
1783 2142 1886 2191 globi

279 2206 414 2254 lapidei
435 2218 507 2255 quo
529 2210 633 2254 pueri
651 2204 794 2240 ludunt.
822 2207 1011 2239 Inter-anea
1036 2207 1141 2252 posui
1160 2208 1199 2237 in
1216 2213 1333 2249 aqua,
1358 2200 1478 2236 donec
1498 2200 1693 2249 putredine
1711 2200 1885 2236 abscede-
