2054 2748
844 129 1059 161 AVES.
1684 136 1762 178 117

226 220 376 256 Faucon
391 218 513 256 Niais
528 217 678 261 dicitur,
700 217 721 251 J
725 219 833 259 unm,
856 213 955 249 Julio
970 225 1032 251 aut
1046 214 1213 263 Augusto
1234 222 1369 263 captus.

397 275 518 323 (Nido
538 273 732 323 propulsus
752 271 921 307 laborum
939 271 1103 319 inscius.)

396 332 556 374 Gentil,
583 337 612 366 si
631 344 651 366 a
670 328 875 379 Septembri
893 334 931 363 in
953 327 1204 364 Decembrem
1226 337 1363 377 captus,

395 388 572 424 Pellen'n
591 386 650 423 vel
670 387 884 434 Passager,
904 389 932 419 si
951 397 971 419 a
992 387 1164 420 Januario
1190 392 1229 421 in
1254 387 1440 421 Martium.

392 446 618 481 'Ancetzaire
637 442 696 478 vel
714 442 976 478 Ancatznaire
1002 452 1064 478 aut
1078 442 1296 485 Ancevere,
1317 448 1381 491 qui
1394 441 1509 478 redux
1523 449 1576 479 est
1594 449 1634 478 ut
1646 448 1760 491 prima

445 508 524 537 vice
542 500 671 535 nidum
686 509 811 535 struat.

391 560 537 606 Hagar
550 556 609 592 vel
632 556 809 604 hagard,
837 561 901 605 qui
920 555 1090 592 nondum
1109 555 1254 605 plumas
1276 562 1438 593 mutavit.

389 616 502 657 Sors,
529 614 679 663 quando
694 613 839 662 plumas
857 619 1020 650 mutavit.

222 674 332 719 Cujus
359 676 411 706 rei
441 677 650 719 ignorantia
682 670 821 706 factum
852 681 925 716 est,
953 680 994 706 ut
1018 675 1186 706 auctores
1214 670 1305 706 haec
1328 675 1480 705 nomina
1503 670 1657 706 diversas
1680 684 1760 720 spe-

150 736 220 766 cies
249 741 326 764 esse
349 729 590 774 crediderint,
619 728 754 763 eodem
784 728 900 763 modo
926 740 1001 776 quo
1034 737 1072 762 et
1103 727 1297 763 Tiercelec
1321 728 1484 772 dictum,
1510 734 1584 764 sive
1604 741 1760 774 marem,

148 799 214 835 pro
237 786 412 836 peculiari
434 792 555 835 specie
574 786 792 821 habuerunt.
818 785 902 820 Vid.
922 784 1160 833 d’Esparron
1169 785 1440 833 faucomzerie
1458 786 1502 821 L.
1522 787 1553 821 I.
1576 785 1696 834 Clzap.
1715 786 1762 823 V

460 889 725 934 FALCO
781 888 1229 933 FUNEREUS.
1275 889 1440 933 Nobis.

219 989 518 1036 Ilffacropterus,
545 990 663 1023 tarsis
689 989 940 1035 squamacis,
969 985 1133 1021 naribus
1159 986 1432 1033 peninsulacis
1448 1014 1460 1028 ,
1488 995 1610 1022 rostro
1641 996 1760 1025 acute

145 1044 395 1080 denticulato
407 1073 419 1087 ,
448 1044 624 1079 maxilla
647 1044 833 1090 inferiore
847 1051 1035 1079 truncam
1050 1071 1062 1086 ,
1079 1055 1238 1091 corpore
1255 1045 1369 1091 nigro
1380 1072 1392 1086 ,
1410 1045 1560 1090 fasciis
1576 1045 1762 1082 tenuibus

145 1101 250 1137 albis
282 1105 327 1137 in
351 1111 489 1137 ventre
516 1101 749 1148 caudaque,
770 1100 994 1146 femoribus
1024 1102 1223 1148 crissoque
1244 1101 1506 1148 ferrugineis,
1535 1103 1760 1138 ceccrieibas

145 1159 302 1194 caudae
330 1158 581 1206 inferiotibzcs
601 1156 945 1206 nigro-jasciacis,
965 1157 1114 1205 jugulo
1138 1159 1354 1192 albicante.

219 1217 385 1251 Statura
404 1215 661 1259 subbuteonis,
672 1220 731 1249 cui
747 1220 851 1248 rostri
866 1214 1078 1261 pedumque
1092 1214 1210 1248 forma
1224 1219 1408 1248 convenit.
1434 1215 1588 1249 Remese
1597 1217 1759 1252 secunda

146 1272 311 1319 longior,
339 1283 417 1307 tum
445 1277 562 1319 prima
583 1284 677 1319 quae
705 1276 765 1305 vix
784 1269 1019 1317 longitudine
1040 1270 1147 1305 cedit.
1174 1271 1360 1317 Remiges
1383 1275 1575 1318 primariae
1593 1279 1759 1320 margine

144 1335 355 1365 tenuissime
374 1328 471 1363 albo.
499 1328 627 1362 Pedes
647 1327 738 1362 flavi.
769 1327 864 1360 Cera
879 1332 919 1360 in
934 1332 1115 1362 exsiccata
1133 1339 1198 1363 ave
1218 1326 1382 1362 obscura.
1409 1327 1437 1360 F
1440 1337 1556 1362 artam
1573 1340 1678 1365 avem
1696 1343 1757 1366 ac-

142 1391 223 1433 cepi
240 1386 421 1420 Parisiis.
449 1383 623 1430 Suspicor
640 1387 893 1416 americanum
911 1392 997 1416 esse.

329 1486 596 1531 FALCO
643 1485 1093 1539 SURBUTEO.
1139 1485 1216 1530 LE
1262 1486 1571 1532 HOBREAtJ.

215 1588 519 1635 Macropcems,
546 1588 663 1620 tarsis
688 1587 916 1633 squamatis
927 1600 944 1627 ,·
975 1583 1138 1620 naribus
1170 1585 1466 1632 peninsulacis,
1494 1596 1616 1624 rostro
1640 1598 1757 1626 acute

143 1643 415 1679 denticulato:
440 1642 579 1678 nuclea
595 1642 848 1678 himaculaca
863 1670 874 1684 ,
903 1642 1011 1676 linea
1032 1644 1149 1689 nigra
1177 1642 1229 1678 ab
1252 1643 1406 1691 angulo
1439 1647 1517 1680 oris
1549 1648 1592 1681 in
1612 1647 1756 1695 gulam

144 1701 283 1737 albam
298 1700 557 1735 descendente
574 1714 592 1740 ,·
620 1699 843 1734 rectricibus
862 1698 1166 1745 mulct'fasciacis
1181 1713 1192 1733 .·
1221 1700 1357 1735 Oculis
1378 1703 1511 1749 nigris.

215 1760 268 1794 Ita
287 1757 380 1792 mihi
396 1784 405 1803 ,
429 1755 575 1791 collatis
596 1755 878 1803 speciminibus,
907 1755 1117 1791 definienda
1134 1755 1224 1792 haec
1243 1763 1381 1806 species
1400 1758 1551 1795 videtur.

704 1839 1197 1876 DIFFERENTIAE

312 1909 351 1937 in
373 1908 526 1951 antiquo
553 1907 772 1950 specimine:
1056 1907 1095 1936 in
1121 1906 1327 1938 recentiore
1349 1903 1421 1939 Ao.
1454 1918 1480 1939 1.
1510 1904 1656 1953 (1792.)

191 1986 301 2022 Alae
316 1985 550 2034 longitudine
570 1986 716 2021 caudae.
1030 1984 1140 2021 Alae
1155 1985 1271 2021 cauda
1292 1985 1430 2034 pollice
1450 1987 1645 2035 longiores.

1027 2043 1212 2091 Remiges
1229 2047 1481 2092 ceccn'cesqzce
1499 2058 1643 2093 prorsus
1656 2047 1748 2091 ejus-

979 2099 1066 2134 dem
1085 2100 1219 2135 coloris
1238 2100 1392 2136 obscure
1409 2108 1554 2136 cinerei.

1031 2156 1178 2191 Venter
1222 2158 1374 2193 maculis
1419 2157 1749 2206 longitudinalibus

978 2213 1090 2260 paulo
1113 2216 1380 2252 remotioribus.

191 2043 287 2077 Rem
294 2047 360 2091 [gli
367 2057 405 2077 ln
426 2047 689 2091 Cecrlclcnlqlte
702 2049 822 2092 RPlCCS
836 2054 913 2078 ΒΟΥ-

143 2099 334 2134 dide-albo
354 2107 588 2149 marginatae.

196 2155 240 2190 V
233 2166 343 2191 etzcer
352 2159 464 2205 paulo
476 2161 622 2194 densius
633 2155 913 2207 longitudinali-

144 2222 200 2248 ter
220 2211 321 2248 fusco
342 2213 558 2264 maculatus.-
