2054 2748
256 160 314 219 93
624 161 1088 198 OBSERVATIONES
1133 161 1493 191 zooLooioAE.

334 256 479 293 Venox
514 251 771 301 complanatus
804 253 943 296 magia,
978 257 1015 283 et
1043 247 1193 282 collum
1217 245 1360 281 brevius
1391 245 1536 281 videtur
1567 259 1679 295 quam
1713 252 1752 282 in
1784 247 1876 284 aliis,

259 318 396 363 Capitis
423 324 569 362 pennae
596 308 847 350 lanceolatae,
875 304 1120 350 laxiusculae,
1147 317 1225 339 non
1247 312 1459 352 squamatae
1485 313 1549 339 aut
1568 303 1876 341 suborbiculatae.

257 373 372 419 'Regio
403 369 598 405 oculorum
626 376 661 401 et
686 366 779 400 basis
800 368 905 398 rostri
934 368 1064 411 pennis
1096 367 1245 398 setaceis
1274 360 1430 395 obsessa.
1463 362 1660 396 Reccrices
1692 362 1739 397 ad
1772 363 1875 397 basin

257 433 422 475 margine
448 432 628 462 exteriore
648 434 683 457 et
708 427 822 469 magis
846 426 957 456 etiam
981 426 1154 456 interiore
1182 419 1288 454 albae
1312 433 1320 463 3
1348 428 1427 453 tum
1450 417 1650 453 fuscescere
1682 424 1876 467 incipiunt.

260 488 372 522 Juxta
394 485 571 519 rhacheos
591 478 863 526 longitudinem
888 487 1011 512 autem
1038 476 1173 512 albedo
1199 483 1237 511 in
1264 481 1429 523 margine
1457 481 1631 511 interiore
1651 476 1876 511 descendere

259 548 387 592 pergit.
416 544 458 577 In
488 538 628 575 duabus
652 535 866 571 rectricibus
886 540 1057 570 extremis
1086 544 1158 570 tres
1186 534 1317 569 fasciae
1346 538 1504 568 extimae
1530 546 1596 581 per
1619 542 1738 569 totam
1763 544 1877 568 trans-

259 612 400 636 versam
430 601 620 632 rectricem
647 593 907 629 extenduntur.
949 595 991 628 In
1021 591 1258 640 sequentibus
1299 595 1411 625 etiam
1440 595 1644 638 superiores
1688 590 1877 638 longiores

260 656 353 692 siunt
378 664 412 689 et
443 653 490 688 ad
517 657 721 700 marginem
757 656 971 686 interiorem
1000 662 1116 697 usque
1156 661 1194 683 se
1225 647 1425 683 extendere
1460 653 1650 696 inpriunt.
1692 649 1879 682 'rectrices

260 713 400 748 alarum
428 719 607 759 quatenus
636 718 740 743 extus
771 716 972 756 apparent,
1010 712 1059 741 ita
1097 718 1135 740 se
1173 705 1312 740 liabent
1343 710 1397 739 uti
1423 717 1530 753 supra
1560 704 1720 749 dictum,
1756 705 1819 739 sed
1849 709 1878 738 si

260 779 361 805 totae
380 776 591 817 spectentur
611 794 619 812 ,
645 765 732 801 albo
754 771 975 812 cinereoque
1001 763 1056 811 (et
1074 775 1196 799 versus
1215 767 1375 798 anticam
1392 772 1536 810 partem
1556 760 1681 809 fusco)
1709 761 1879 796 fasciatae

261 836 357 862 sunt.
1452 826 1457 830 ‘

333 882 423 918 Avis
446 892 682 929 nequaquam
708 885 860 916 varietas
881 888 943 914 est.
970 879 1051 926 Ipse
1071 877 1126 913 bis
1149 876 1343 926 possideO,
1369 874 1424 910 bis
1448 874 1727 911 Pithienvillitts.
1755 876 1880 910 Etiam

262 939 351 974 alibi
373 938 456 973 vidi.

334 995 397 1030 An
415 996 532 1029 Buteo
559 992 673 1028 albus
699 992 865 1038 Busfon.
890 1005 927 1038 p.
955 1004 1037 1038 207.

462 1109 749 1154 FALCO
796 1105 1460 1151 INTERRUPTUS.
1510 1105 1673 1150 Nobis.

336 1223 637 1268 illacrosytents,
667 1220 888 1266 brachypns
904 1246 914 1261 ,
942 1231 1033 1253 cera
1055 1217 1302 1265 pedibusque
1326 1219 1553 1265 sqzcamacis
1563 1217 1717 1262 ssavlS,
1738 1219 1883 1265 capitis

260 1280 404 1326 pennis
425 1279 545 1311 arceis
571 1276 817 1317 rotundatis,
845 1287 1004 1323 corpore
1017 1276 1157 1321 fusco,
1179 1274 1543 1320 rectriczcmsczscic's
1562 1283 1740 1321 quatuor
1759 1275 1882 1309 lacio-

263 1335 369 1370 rt'lms
386 1362 396 1375 ,
425 1336 668 1380 interpositis
685 1332 968 1379 pallidioribus
992 1340 1033 1366 et
1050 1331 1360 1378 angustioribus.

336 1389 586 1436 JiIagnicmlo
607 1388 728 1422 media
756 1393 849 1420 inter
876 1388 914 1419 F.
940 1397 1119 1429 cyaneum
1141 1394 1177 1418 et
1205 1391 1473 1430 aeruginosum.
1516 1386 1629 1432 Apud
1660 1388 1885 1432 Linnaeum,

263 1447 511 1489 Brissonium,
547 1443 758 1479 Buffonium
794 1441 923 1476 frustra
956 1453 1105 1488 quaem.
1140 1441 1269 1475 Posset
1302 1445 1381 1488 quis
1407 1453 1493 1476 cum
1523 1440 1687 1477 buteone
1723 1444 1883 1479 eundem

264 1512 433 1552 reputare
452 1529 460 1546 ‚
487 1505 547 1536 cui
565 1510 701 1535 statura
723 1509 758 1534 et
778 1497 905 1533 colore
923 1497 1129 1533 subsimilis.
1158 1496 1230 1532 Sed
1254 1496 1383 1533 differt.

344 1568 388 1594 1.0
415 1557 591 1593 Pedibus
606 1555 833 1592 brevioribus
847 1559 1068 1604 squamatiS,
1096 1567 1209 1602 quum
1225 1553 1394 1589 buteonis
1417 1560 1488 1590 sint
1510 1562 1661 1601 scutati,
1688 1556 1884 1593 validiores

267 1623 377 1653 etiam
401 1615 513 1664 paulo
531 1624 616 1650 sunt
633 1642 641 1660 ,
668 1613 754 1649 licet
773 1623 909 1649 statura
928 1612 982 1647 illi
1002 1611 1115 1661 paulo
1130 1617 1252 1647 minor
1267 1618 1331 1657 sit3
1358 1611 1573 1648 membrana
1593 1619 1690 1649 inter
1705 1622 1884 1650 extimum

266 1685 303 1711 et
317 1674 483 1710 medium
502 1673 658 1720 digitum
678 1672 806 1718 major.

339 1740 388 1766 2.⁰
414 1731 602 1765 Rostrum
630 1729 742 1778 paulo
778 1738 831 1763 est
863 1727 1019 1776 longius.
1055 1727 1223 1762 Pennae
1259 1732 1386 1776 capitis
1412 1733 1608 1773 arctiores,
1645 1728 1883 1776 rotundatae,

267 1788 500 1833 imbricatae,
526 1792 707 1835 rostrique
727 1785 830 1822 basin
855 1785 1024 1820 ambiunt
1044 1794 1080 1820 et
1098 1790 1255 1833 spatium
1278 1790 1374 1820 inter
1392 1792 1550 1819 rostrum
1570 1794 1606 1820 et
1626 1784 1755 1820 oeulos
1772 1785 1884 1822 dense

268 1846 433 1895 replent,
458 1845 596 1894 absque
614 1844 789 1891 vibrissis,
816 1855 976 1892 quorum
994 1841 1081 1877 ioco
1101 1841 1272 1879 vibrissae
1290 1848 1330 1878 in
1354 1841 1516 1878 buteone
1539 1850 1575 1878 et
1596 1847 1723 1890 capitis
1738 1855 1884 1891 pennae

268 1903 436 1940 laxiores.

346 1960 393 1996 39
420 1960 531 1995 Alae
550 1958 662 2008 paulo
685 1958 882 2006 longiores.

343 2023 391 2059 [¹.⁰
421 2018 538 2052 Crissi
558 2028 701 2065 pennae
721 2014 876 2051 maculis
900 2012 1058 2049 cordatis
1080 2012 1187 2048 fuscis
1210 2018 1249 2048 in
1270 2013 1452 2060 buteone,
1478 2018 1516 2048 iu
1534 2017 1738 2061 interrupto
1768 2012 1883 2050 ferru-

273 2073 535 2123 gineo-fuscae.
1599 2105 1603 2109 ,

343 2131 390 2166 5.0
417 2131 613 2166 Recm‘ces
636 2130 792 2166 buteoni
818 2129 1059 2179 aequabiliter
1087 2137 1123 2164 et
1148 2127 1370 2164 subobscure
1396 2138 1459 2163 aut
1481 2126 1596 2162 fasciis
1625 2126 1884 2176 pallidioribus

271 2187 450 2223 fasciatae.

343 2245 475 2282 Rostro
496 2254 532 2282 et
550 2244 703 2294 pedibus
723 2253 809 2282 cum
833 2245 872 2279 F.
897 2249 1048 2293 apivoro
1073 2248 1268 2291 convenit,
1294 2247 1463 2292 apivorus
1482 2242 1601 2289 major
1614 2251 1668 2279 est
1689 2242 1753 2280 sed
1766 2249 1883 2280 rostro
