2054 2748
740 133 1190 162 AMPHIBIA.
1685 125 1769 168 „25

158 225 197 255 in
219 224 456 254 commissura
480 216 632 252 secundi
650 221 745 264 paris
768 215 997 251 scutulorum
1020 229 1104 251 cum
1126 221 1227 252 tertia
1243 244 1252 261 ‚
1277 226 1312 251 et
1337 223 1433 253 tertii
1456 231 1540 254 cum
1558 231 1685 269 quarta
1704 233 1769 270 per

158 275 431 324 longitudinem
448 280 591 322 posita3
618 279 657 307 in
677 279 771 309 tertii
794 278 887 322 paris
911 273 1067 309 scutello
1090 280 1179 310 item
1200 273 1354 309 macula.

230 332 347 368 Pedes
367 336 586 380 posteriores
604 330 718 365 modo
738 335 837 379 picti.

233 390 373 424 Omnes
396 389 465 424 hae
485 398 526 424 ut
542 398 578 423 et
597 393 805 436 serpentina
828 392 866 422 in
886 385 1035 422 dorsum
1058 393 1197 435 positae
1217 401 1254 423 se
1274 388 1478 425 revolvunt.

229 529 368 575 Quarta
400 527 546 564 testudo
580 527 694 574 (cum
723 526 1028 575 praecedentibus
1059 528 1158 575 visa)
1189 538 1334 564 mortua
1372 539 1470 575 erat,
1509 539 1601 565 testa
1630 529 1769 566 dorsali

156 584 283 634 glabra
308 586 368 633 (ut
388 591 427 619 in
446 583 624 631 lutaria‚)
650 584 803 619 maculis
831 590 958 620 aureis.
999 586 1109 620 Testa
1133 584 1284 620 inferior
1309 585 1447 634 pallide
1472 586 1631 633 rubens,
1661 594 1767 636 nigro

154 642 399 690 irtegulariter
429 639 637 686 maculata,
669 641 794 676 medio
824 654 995 677 concava.
1042 642 1158 677 Pedes
1189 642 1437 690 unguiculati‚
1465 649 1649 679 anteriore
1678 644 1770 679 facie

153 698 332 744 rubente,
361 697 450 745 (nisi
476 697 567 732 haec
595 697 735 733 rubedo
767 711 787 733 a
818 700 1011 747 putredine
1037 705 1082 735 sit
1105 699 1215 747 orta.)
1259 702 1300 735 Iu
1323 706 1441 748 primo
1462 701 1619 737 scutello
1642 702 1766 737 medio

152 754 322 789 maculae
342 764 414 790 tres
436 766 568 789 aureae
588 759 627 789 in
649 755 874 803 triangulum
898 762 1039 804 positae
1057 762 1191 792 vertice
1211 763 1436 806 posteriore3
1457 759 1681 805 secundum,
1697 769 1769 795 ter-

153 817 248 847 tium
269 821 305 847 et
325 821 496 859 quartum
515 811 700 847 maculam
723 825 836 847 unam
854 813 992 849 habent
1013 820 1051 848 in
1070 820 1236 862 margine
1255 821 1465 863 posteriore.

227 870 269 902 In
291 874 382 903 serie
403 867 546 903 laterali
565 874 726 916 primum
744 869 942 905 scutellum
960 871 1114 906 maculis
1137 871 1251 907 tribus
1275 882 1337 907 aut
1364 882 1542 920 quatuor,
1565 873 1768 908 secundum

153 924 266 959 tribus
281 935 345 960 aut
365 924 506 960 duabus
519 953 528 970 ,
546 931 693 961 tertium
714 936 750 962 et
766 937 937 974 quartum
954 941 1026 963 una
1046 928 1201 964 macula.
1229 928 1453 976 Marginales
1468 935 1596 977 viginti
1611 939 1768 977 quatuor

150 980 315 1028 singulae
335 993 438 1015 suam
463 980 603 1016 habent
626 982 823 1017 maculam.

224 1037 335 1072 Testa
364 1047 493 1083 ovata,
526 1043 770 1086 integerrima.
809 1038 993 1074 Inferioris
1027 1040 1194 1075 sternalis
1223 1047 1404 1089 margines
1432 1041 1623 1089 paralleli,
1647 1048 1769 1079 antice

150 1092 347 1138 levissime,
370 1099 511 1141 postice
536 1095 649 1142 paulo
673 1101 789 1142 magis
813 1100 1039 1142 emarginati.

223 1151 284 1184 An
303 1150 432 1185 Sehae
454 1152 486 1185 I.
517 1151 595 1186 cab.
617 1153 673 1187 80.
688 1151 765 1199 fig.
791 1165 823 1200 7.
844 1151 862 1186 ?
888 1151 962 1187 Sed
986 1151 1153 1187 maculae
1172 1158 1333 1188 minores
1358 1163 1393 1189 et
1417 1159 1650 1202 copiosiores.

546 1254 937 1299 TESTUDO
987 1257 1370 1300 LUTARIA.

222 1352 451 1386 MoNsm-:Lro
478 1361 630 1398 accepta
654 1364 731 1386 mas
752 1362 789 1387 et
812 1353 948 1387 femina
971 1366 1096 1387 mense
1121 1356 1311 1397 pratensi,
1334 1355 1377 1387 A.
1404 1355 1463 1389 VI.
1490 1355 1646 1390 Recusat
1668 1355 1763 1390 lum—

150 1406 294 1452 brIcos,
318 1407 486 1452 limaces,
515 1407 670 1452 helices,
699 1419 847 1454 erucas,
870 1409 1075 1456 nymphas,
1096 1415 1263 1453 onisCOS,
1289 1408 1436 1456 gryllo&
1468 1410 1666 1446 parvulum
1691 1420 1763 1461 spi‘

148 1463 359 1499 thamaeum
377 1473 583 1512 serpentem
602 1469 781 1499 natricem
803 1470 841 1498 in
864 1478 959 1512 aqua
975 1478 1060 1499 cum
1079 1478 1120 1500 ea
1140 1471 1263 1514 posui,
1287 1472 1349 1514 qui
1365 1466 1426 1501 diu
1446 1477 1531 1501 ante
1550 1480 1590 1502 os
1605 1476 1762 1516 natavit,

149 1532 273 1568 neque
292 1520 436 1555 testudo
462 1526 589 1567 tetigit.
617 1520 691 1555 Sed
710 1526 878 1568 gyrinum
899 1523 973 1567 jam
992 1522 1167 1569 pedatum
1187 1535 1295 1558 ranae
1311 1523 1487 1559 arboreae
1507 1524 1705 1573 prehendit
1725 1538 1761 1563 et

149 1582 296 1612 voravit.
322 1577 407 1611 Vidi
427 1589 508 1611 eam
528 1577 753 1624 quandoque
771 1577 865 1625 pede
885 1583 1068 1612 anteriore
1086 1578 1247 1614 frontem
1267 1593 1470 1629 nasumque
1490 1591 1685 1630 extergere.

225 1634 350 1678 Quum
373 1646 439 1680 per
463 1632 744 1681 quatuordecim
766 1633 842 1667 dies
860 1634 1103 1680 jejunassent,
1128 1635 1162 1670 d.
1192 1650 1242 1682 17.
1266 1637 1455 1673 Fructiferi
1477 1638 1623 1674 oblatos
1646 1648 1762 1689 cypri-

147 1701 216 1724 nos
237 1689 414 1736 gobiones
429 1717 437 1733 ‚
462 1690 554 1724 alios
574 1695 755 1734 minores,
776 1690 868 1724 alios
888 1690 1136 1737 minua—ulos,
1160 1692 1252 1727 alios
1276 1699 1467 1729 semivivos
1490 1707 1537 1729 ne
1562 1703 1761 1745 tetigerunt

147 1745 309 1794 quidem.
337 1746 401 1780 An
424 1745 526 1794 quod
546 1751 584 1779 in
605 1746 734 1780 eadem
753 1746 876 1781 charta
890 1747 1092 1782 attulissem
1113 1748 1256 1797 aliquos
1275 1750 1473 1798 pisciculos
1491 1755 1759 1801 semiputridos.

148 1804 270 1838 Etiam
289 1802 465 1851 postridie
482 1801 635 1837 alteram
657 1808 695 1836 in
714 1815 809 1851 aqua
830 1803 1026 1851 degentem
1046 1805 1173 1851 video,
1195 1812 1314 1855 capite
1333 1807 1399 1843 sub
1419 1821 1513 1857 aqua
1528 1822 1670 1856 merso,
1690 1817 1758 1846 cir-

149 1859 447 1895 cumnatantibus
472 1859 643 1894 omnibus
661 1859 786 1894 adhuc
810 1861 991 1908 pisciculis
1013 1868 1186 1907 mortuis;
1213 1864 1276 1899 sed
1295 1874 1378 1912 post
1399 1866 1589 1901 meridiem
1609 1880 1757 1915 omnes,

147 1917 291 1952 duobus
312 1917 509 1962 majoribus
532 1923 694 1965 exceptis
707 1946 715 1962 ,
742 1918 932 1953 absumtos
953 1925 1108 1968 reperiO.

220 1975 289 2007 Ao.
310 1974 385 2008 VII.
415 1974 448 2008 d.
474 1987 528 2009 21.
551 1973 774 2009 Germinalis
798 1987 843 2009 ex
867 1976 961 2011 cella
985 1976 1048 2011 ubi
1070 1976 1308 2024 hyemarant,
1331 1986 1460 2015 exemi.
1505 1981 1755 2028 (Hyemantes

146 2033 185 2064 in
205 2029 321 2075 cella,
346 2035 383 2064 in
405 2036 492 2065 cista
514 2040 605 2066 terra
625 2031 758 2080 plena,
782 2045 867 2067 cum
894 2033 1138 2069 testudinibus
1160 2041 1248 2070 meis
1273 2042 1407 2084 graecis
1435 2037 1564 2073 leviter
1585 2051 1621 2073 se
1640 2039 1754 2074 modo

146 2090 183 2119 iu
203 2095 295 2121 terra
320 2087 633 2124 abscondiderunt
662 2089 993 2138 superficietenus)
1034 2093 1219 2128 Consueto
1239 2106 1305 2128 suo
1326 2093 1412 2129 loco
1433 2101 1558 2143 posui,
1584 2101 1621 2128 in
1648 2108 1753 2143 aqua.

146 2141 379 2179 Pandiculari
403 2151 504 2192 quasi
531 2145 657 2181 leviter
684 2152 779 2182 visae
807 2157 917 2192 sunt,
942 2160 988 2180 ex
1014 2146 1161 2184 alterius
1189 2162 1282 2198 quae
1312 2150 1495 2187 lubentius
1515 2164 1552 2185 se
1571 2151 1638 2186 sub
1658 2165 1754 2201 aqua

147 2204 329 2236 continuit
344 2200 490 2237 naribus
510 2201 634 2238 bullae
654 2208 782 2239 aereae
801 2209 977 2241 exierunt.
996 2205 1197 2243 Pisciculos
1220 2214 1430 2256 propositos
1444 2220 1523 2245 non
1545 2214 1751 2256 tetigerunt.
