2054 2748
286 147 367 199 274
638 143 1128 179 OBSERVATIONES
1163 143 1538 174 zooLOGICAE.

599 228 986 276 COLUBER
1035 225 1572 269 AMMODYTES.

356 318 850 371 M111118711142-l-l45.

348 384 502 426 Parvus,
526 379 766 428 spithameus‚
787 379 906 423 capite
930 372 1154 419 majusculo,
1179 370 1278 407 unde¹
1298 370 1407 406 facies
1427 380 1603 419 suspecta.
1635 372 1752 407 Nasus
1773 371 1890 408 brevis

283 451 419 476 statura
442 449 494 473 est
518 442 638 485 potius
658 445 765 468 nasus
781 440 969 466 truncatus
984 458 992 474 ,
1008 429 1212 479 quadratus
1242 430 1373 463 Forma
1390 437 1425 462 et
1448 440 1555 463 nasus
1578 427 1752 473 obtusus,
1771 435 1892 464 antice

284 497 416 547 planus
429 498 599 530 convenit
611 503 695 526 curn
709 488 898 525 Catesbaei
912 487 1026 535 figura
1038 487 1131 522 boae
1151 490 1391 521 contortricis.
1412 486 1536 519 Facies
1550 490 1661 520 etiam
1672 490 1710 519 in
1720 486 1893 521 Amoen.

284 554 399 590 acad.
422 549 641 599 respondet,
657 547 721 583 sed
737 559 815 581 non
833 545 1018 590 maculae,
1039 556 1133 592 quae
1150 543 1199 577 ibi
1214 548 1345 577 seriem
1368 542 1597 577 macularum
1616 541 1893 578 rhombicarum

285 611 431 646 faciunt.
461 609 548 642 Meo
574 613 610 641 in
639 606 748 641 dorso
777 609 886 639 series
906 601 1134 637 macularum
1154 605 1339 647 nigrarum
1359 598 1615 647 angulatarum
1638 599 1893 646 magnitudine

284 680 413 718 parvae
437 665 556 700 lentis.
584 663 700 698 Series
719 668 904 697 minorum
927 659 974 694 ad
997 659 1102 709 latus.
1132 656 1208 691 Sub
1230 657 1284 691 his
1307 666 1443 704 puncta
1467 662 1582 703 magis
1603 656 1810 691 inordinata
1829 656 1894 691 sed

284 736 408 760 tamen
431 722 639 758 subseriata.
667 722 709 755 In
728 724 837 754 scutis
856 714 1153 752 abdominalibus
1179 723 1316 761 puncta
1336 723 1373 748 et
1392 713 1570 747 maculae.
1590 714 1710 747 Etiam
1727 713 1895 748 maculae

282 789 406 830 nigrae
430 780 528 815 dorsi
546 773 657 813 o'culo
690 786 830 812 armato
855 783 1060 823 spectatae,
1085 784 1163 806 non
1192 776 1261 805 nisi
1285 775 1469 804 cinereum
1490 769 1656 804 colorem
1675 775 1787 804 totius
1812 783 1894 804 cor-

282 845 381 888 poris
403 837 584 881 offerunt,
599 835 664 870 sed
683 839 831 869 minutis
851 829 1036 880 punctulis
1057 834 1166 875 nigris
1186 827 1372 875 adspersas
1385 854 1394 872 ,
1413 830 1607 861 interstitio
1622 837 1772 874 quoque
1786 839 1894 874 squa-

284 908 427 932 marum
452 899 568 941 nigro.

356 954 428 987 Pro
446 949 600 984 colubro
625 953 717 982 simo
733 947 850 980 Litm.
874 943 1050 979 haberem
1066 969 1074 987 ,
1097 946 1127 976 si
1146 949 1272 976 venter
1295 945 1396 987 niger
1415 949 1518 975 esset.

357 1009 543 1054 Frequens
563 1004 610 1038 ad
633 1004 760 1036 Fiume
779 1000 974 1034 Carniolac
990 1004 1028 1032 in
1049 997 1174 1031 littore
1192 1002 1300 1029 maris
1314 996 1504 1029 Adriatici.
1531 996 1635 1028 Licet
1649 994 1730 1028 telis
1744 1000 1898 1030 instruc-

286 1075 341 1100 tus
360 1068 425 1106 sit,
447 1071 571 1095 tamen
589 1069 730 1091 morsus
750 1058 826 1099 ejus
844 1066 925 1088 raro
946 1053 1101 1086 lethalis.

357 1118 522 1152 Hostias
541 1120 579 1149 in
592 1113 784 1160 Jacquini
801 1108 959 1143 collect.
975 1107 1019 1140 T.
1033 1106 1093 1140 IV.
1108 1116 1193 1139 cum
1208 1103 1335 1152 pulcra
1350 1110 1469 1140 icone.
1486 1103 1745 1141 characterem
1762 1115 1898 1154 tamen,

286 1175 417 1226 quibus
434 1178 558 1210 omnia
578 1168 767 1206 individua
781 1173 1047 1215 agnoscantur,
1064 1174 1143 1196 non
1159 1161 1270 1197 dedit.

692 1251 1075 1325 coLUssER
1123 1274 1503 1319 PRESTER.

361 1386 473 1421 MEus
496 1395 541 1417 ex
560 1392 686 1416 museo
702 1380 922 1413 Harreriano
945 1384 997 1410 n.⁰
1020 1375 1096 1409 180.
1116 1386 1153 1421 p.
1174 1386 1224 1419 ¹7·
1246 1371 1311 1406 ubi
1336 1373 1401 1418 178
1415 1385 1483 1404 Ξ
1506 1371 1572 1412 ι45
1591 1379 1637 1410 -t-
1654 1370 1709 1407 33.
1732 1385 1901 1411 numera-

288 1455 347 1481 tur
371 1443 459 1490 (ego
487 1443 553 1477 182
567 1452 634 1473 z:
653 1437 718 1478 146
731 1444 777 1474 -ι-
793 1434 847 1470 36.
867 1438 1010 1481 reperio
1030 1440 1067 1466 et
1086 1429 1162 1465 tela
1187 1427 1354 1476 utique),
1383 1427 1616 1474 longitudine
1635 1431 1902 1479 sesquipedali,

290 1505 449 1537 crassitie
473 1498 595 1544 digiti3
617 1493 720 1529 color
734 1502 831 1534 ater3
856 1489 972 1525 cauda
994 1497 1123 1522 octava
1144 1497 1236 1534 pars.

362 1558 483 1603 Prope
503 1552 729 1588 Colmariam
755 1549 931 1601 visus-„In
956 1548 1161 1594 asperrimis
1187 1540 1323 1588 frigidis
1349 1539 1493 1575 turfosis
1520 1539 1633 1575 tribus
1665 1540 1779 1578 leucis
1804 1554 1901 1580 retro

292 1611 495 1650 Gerstbach
515 1615 553 1643 in
572 1609 840 1653 Marcgraviatu
854 1603 1011 1638 Badensi
1030 1613 1067 1635 se
1083 1598 1290 1647 Septembri
1308 1602 1480 1645 reperisse
1493 1603 1652 1644 squamis
1671 1598 1769 1633 dorsi
1783 1606 1903 1648 niger-

292 1676 389 1707 rimis
406 1697 413 1711 7
437 1672 545 1702 scutis
574 1660 871 1699 abdominalibus
901 1671 946 1693 ex
974 1657 1060 1693 albo
1087 1656 1221 1700 rubris,
1253 1653 1446 1689 nubeculis
1476 1658 1560 1687 atris
1580 1661 1738 1700 notatis,
1762 1663 1904 1705 scripsit

294 1725 488 1763 Gmelinus
503 1719 745 1756 Carolsruhae
766 1716 863 1763 1786.
880 1714 1031 1750 Collum
1045 1718 1283 1748 constrictum
1295 1739 1304 1757 7
1319 1720 1428 1758 caput
1444 1709 1664 1757 triangulare
1679 1724 1686 1744 :
1706 1710 1902 1760 longitudo

291 1781 471 1832 bipedalis
486 1807 495 1823 ‚
520 1782 695 1813 crassities
723 1774 920 1823 pollicaris.
952 1773 1156 1806 Hominem
1175 1771 1250 1816 ejus
1275 1781 1399 1802 morsu
1429 1772 1656 1812 extinctum,
1679 1778 1824 1815 praeter
1846 1775 1903 1805 jn-

293 1846 433 1887 signem
461 1840 642 1870 tristitiam
669 1838 780 1867 etiam
802 1829 991 1865 abdomen
1020 1840 1130 1876 quam
1159 1831 1318 1861 maxime
1349 1824 1514 1859 inflatum
1538 1823 1714 1859 habuisse.
1743 1826 1903 1861 Puerum

295 1909 339 1932 eo
363 1904 524 1929 morsum
548 1903 627 1924 non
647 1888 747 1924 aliud
769 1887 893 1921 fecisse
913 1890 980 1919 nisi
1004 1894 1044 1919 ut
1065 1895 1217 1918 manum
1237 1883 1301 1918 diu
1320 1888 1359 1917 in
1379 1880 1485 1918 rivuli
1502 1893 1597 1929 aqua
1619 1881 1818 1930 detineret,
1837 1896 1902 1919 ne-

295 1966 366 2002 que
387 1949 476 2000 quid
497 1947 652 1996 amphus
671 1957 817 1995 passum
838 1954 923 1978 esse.

555 2057 912 2104 COLUBER
961 2051 1445 2097 LUNULATUS.
1492 2051 1655 2096 Nobis.

375 2161 439 2209 195
454 2171 520 2193 :2-
538 2159 602 2194 150
622 2165 669 2196 —t-
686 2158 740 2199 45.
767 2156 858 2191 alius
878 2167 943 2190 201
960 2166 1027 2186 Ξ
1051 2152 1116 2194 148
1134 2159 1180 2191 -1-
1195 2149 1249 2185 53.

370 2221 441 2253 Iste
463 2217 571 2252 dorso
591 2220 758 2259 cinereo,
778 2212 895 2248 fasciis
908 2208 1170 2258 nigricantibus
1182 2236 1191 2253 ‚
1205 2207 1343 2252 densis,
1355 2205 1611 2254 irregularibus
1627 2233 1635 2251 ‚
1651 2204 1782 2241 harum
1794 2215 1904 2257 squa->
