2054 2748
237 137 314 184 172
616 131 1086 166 OBSERVATIONES
1134 133 1492 163 ZOOLOGICAE.

234 225 318 262 culo
339 228 448 260 tristis
466 227 622 272 quievit,
655 231 692 258 et
714 220 811 256 male
832 218 969 254 habere
997 223 1067 257 visa
1092 228 1154 254 est.
1181 218 1292 254 Forte
1315 230 1336 253 a
1363 225 1547 255 contentis
1575 220 1850 268 vegetabilibus.

233 284 325 319 Tres
343 294 464 317 mures
483 286 617 330 raptim
638 278 825 326 deglutiit,
846 276 939 311 duos
961 282 1161 321 revomuit,
1189 287 1258 310 nec
1280 285 1410 324 postea
1428 283 1557 326 tetigit.

306 338 589 376 Salamandram
605 342 776 384 exiguam
794 339 1003 383 aquaticam
1017 344 1203 369 mortuam
1223 332 1353 369 obtuli.
1373 334 1453 370 Diu
1472 345 1651 371 tentatam
1670 335 1852 384 deglutiit,

233 408 297 434 aut
323 403 445 447 potius
472 395 635 431 faucibus
662 402 808 428 tantum
837 396 1003 440 excepit,
1034 397 1231 439 statimque
1264 396 1429 427 evomuit
1451 404 1520 427 nec
1543 392 1699 440 amplius
1725 398 1853 440 tetigit.

235 454 447 491 Secundam
464 464 557 500 quae
576 449 712 485 abhinc
733 448 902 497 longiore
927 458 1096 497 tempore
1115 459 1260 484 mortua
1276 448 1469 484 videbatur
1482 477 1491 495 ,
1523 449 1694 497 deglutiit
1713 460 1749 484 et
1770 455 1855 485 reti-

234 518 326 548 nuit.
346 512 450 547 Duas
471 510 556 544 dein
574 507 663 542 alias
690 512 788 543 vivas
807 506 871 542 diu
891 512 1047 542 tentavit
1069 516 1186 541 rostro
1207 518 1274 551 per
1291 511 1408 551 viceS,
1432 516 1468 542 et
1487 505 1573 551 diu,
1600 506 1664 541 sed
1685 519 1764 541 non
1789 519 1853 542 vo-

235 575 336 605 ravit.
365 569 535 614 Anguem
556 564 725 613 fragilem
745 563 1042 613 sesquipedalem
1061 563 1124 598 diu
1141 573 1258 598 rostro
1280 563 1511 599 verberatum
1528 563 1719 611 deglutiit,
1734 563 1798 598 sed
1815 569 1855 598 in

237 627 321 675 gula
352 625 567 659 haerentem
595 627 797 667 revomuit,
826 621 977 656 demum
1005 626 1139 656 iterum
1167 626 1330 668 voravit,
1360 633 1431 670 qua
1461 627 1655 657 occasione
1686 620 1783 656 nihil
1810 620 1856 656 de

233 689 361 732 anguis
381 686 482 716 istius
503 679 720 727 fragilitatae
742 679 942 716 observavi.

309 740 457 774 Ostreas
477 746 586 772 antea
605 749 799 786 nunquam
817 741 908 772 visas
928 735 1033 771 avide
1055 740 1227 784 expetiit,
1253 745 1289 771 et
1307 741 1467 771 minores
1486 736 1630 771 hiantes
1649 745 1685 771 et
1702 748 1781 771 non
1800 748 1858 771 rc-

237 802 463 834 centissimas
483 807 568 830 cum
589 804 683 830 testa
708 799 858 830 voravit.
879 795 1041 828 Cancros
1065 792 1170 827 avide
1197 799 1336 828 voravit
1362 799 1472 828 etiam
1498 802 1665 827 mortuos
1690 803 1726 828 et
1753 800 1858 828 semi-

234 854 411 905 putridos.
431 851 745 902 Vespertilionem
763 850 957 886 noctulam
975 857 1095 887 vivam
1109 850 1527 898 clamosamque,etiam
1546 855 1859 898 praetereuntium

236 912 371 949 calceis
392 910 514 946 navali
542 915 625 959 pice
647 909 741 944 forte
760 908 961 953 imbutam,
993 918 1123 943 tamen·
1146 907 1250 943 avide
1272 913 1400 956 petiit,
1428 907 1768 956 diverberatamque
1796 907 1859 942 diu

236 979 356 1005 rostro
376 968 530 1003 tandem
550 966 731 1013 deglutiit.
752 965 970 1000 Lumbricos
992 965 1158 1010 objectos
1174 977 1258 999 cum
1272 964 1462 1012 voluptate
1478 974 1514 999 et
1529 964 1693 1012 tripudiis
1708 970 1860 1010 voravit,

238 1026 304 1062 sed
329 1024 481 1061 tandem
506 1022 687 1059 fastidivit.
714 1021 832 1058 Paulo
855 1030 939 1070 post
968 1020 1153 1066 objectam
1178 1020 1317 1056 larvam
1343 1020 1484 1056 nudam
1506 1020 1711 1069 phalaenae
1740 1031 1859 1057 rostro

238 1088 394 1119 tentavit
416 1082 479 1115 diu
503 1090 539 1115 et
563 1085 666 1127 quasi
685 1084 859 1125 gustavit,
885 1077 1112 1124 tandemque
1134 1077 1313 1124 deglutiit.

312 1138 444 1185 Objeci
464 1136 605 1172 foetum
625 1141 725 1170 canis
746 1140 808 1183 qui
829 1138 957 1182 spiritu
977 1139 1052 1169 vini
1071 1143 1230 1168 servatus
1252 1143 1338 1168 erat.
1359 1133 1579 1179 Prehendit,
1599 1143 1717 1169 rostro
1737 1135 1863 1171 verbe-

239 1201 348 1241 ravit,
376 1206 497 1229 coeno
513 1193 693 1230 volutavit
709 1220 717 1236 ,
744 1204 839 1239 aqua
855 1190 941 1225 dein
963 1190 1072 1235 lavit,
1100 1191 1285 1226 dimittere
1305 1190 1443 1236 noluit,
1465 1191 1689 1240 tandemque
1704 1192 1865 1228 multum

241 1263 437 1289 contusum
457 1250 636 1299 deglutiit.
664 1252 819 1284 Larvam
837 1247 1061 1293 cerambycis
1080 1247 1180 1283 haud
1205 1247 1403 1283 difficulter
1424 1254 1573 1284 voravit.
1593 1250 1748 1284 Larvam
1769 1249 1864 1298 pha-

244 1311 376 1347 laenae
388 1307 626 1358 quei-cisoliae
643 1306 714 1342 aliu
729 1312 808 1343 vice
819 1304 1018 1340 exhibitam
1033 1304 1138 1340 avide
1152 1310 1312 1353 primum
1322 1310 1486 1353 expetiit,
1498 1305 1564 1340 sed
1575 1315 1654 1340 tum
1667 1305 1866 1353 abhorruit,

243 1378 279 1403 et
298 1378 489 1401 nauseasse
507 1371 581 1401 visa
603 1374 666 1400 est.
693 1366 781 1399 Erat
800 1373 925 1397 autem
949 1374 1057 1396 eruca
1075 1371 1225 1408 aegrota
1240 1371 1277 1395 et
1288 1361 1484 1395 diarrhoea
1499 1361 1700 1396 laborabat.
1725 1364 1864 1398 Hirun-

246 1425 375 1460 dinem
394 1421 555 1470 apodem
570 1420 769 1469 aliquoties
780 1418 966 1464 objectam
985 1416 1166 1451 morsibus
1177 1416 1329 1464 quidem
1344 1422 1528 1462 enecavit,
1544 1417 1701 1452 sednon
1715 1426 1864 1456 voravit.

245 1482 409 1517 Araneas
434 1484 544 1513 etiam
573 1487 610 1512 et
631 1475 824 1522 liydatides
852 1473 1108 1522 semiputriclas
1138 1472 1224 1508 edit.
1257 1473 1432 1518 Mytilum
1459 1479 1652 1509 anatinum
1678 1485 1865 1512 mortuum

245 1537 351 1574 avide
367 1541 514 1584 excepit
536 1534 601 1569 sed
620 1538 743 1568 statim
762 1533 887 1578 rejecit
904 1559 911 1576 ,
944 1540 979 1566 et
999 1540 1098 1577 terga
1123 1529 1226 1565 dedit
1251 1542 1336 1565 cum
1355 1530 1622 1579 indignatione.
1643 1533 1867 1570 Hirudinem

245 1600 503 1643 sanguisugam
523 1601 709 1626 mortuam
728 1595 883 1625 tentavit
898 1598 1016 1623 rostro
1033 1588 1098 1623 sed
1115 1587 1289 1636 neglexit.

321 1654 392 1687 Ao.
420 1652 519 1699 1781.
535 1649 594 1684 die
614 1662 646 1683 2.
667 1647 776 1692 Julii,
796 1646 887 1681 haec
906 1658 990 1681 mea
1009 1651 1153 1681 ciconia
1173 1650 1304 1690 evasit,
1326 1645 1428 1694 quod
1447 1651 1496 1681 ita
1511 1646 1655 1682 accidit.
1676 1648 1765 1683 Non
1790 1661 1866 1683 cre—

248 1710 413 1748 dideram
438 1713 522 1743 satis
545 1710 764 1742 succrevisse
784 1710 964 1752 remiges,
997 1715 1112 1752 quum
1133 1708 1171 1737 in
1196 1715 1280 1737 area
1303 1701 1530 1751 hortuloque
1556 1715 1640 1738 meo
1667 1703 1759 1738 nihil
1785 1714 1868 1740 ten-

248 1778 378 1812 tasset,
406 1777 527 1814 neque
547 1770 585 1799 in
601 1762 835 1807 editioribus,
853 1771 895 1797 ut
911 1771 998 1796 ante
1020 1760 1255 1796 consedisset.
1282 1761 1344 1794 An
1362 1759 1586 1807 ealliditate,
1607 1771 1647 1796 ut
1660 1774 1719 1795 me
1734 1760 1869 1799 faceret

249 1824 443 1862 securum?
465 1822 538 1857 Sed
563 1833 677 1870 quum
698 1819 890 1868 accidisset
907 1829 949 1854 ut
967 1827 1074 1867 porta
1093 1830 1226 1865 magna
1246 1818 1378 1852 domus
1397 1828 1523 1867 aperta
1544 1827 1656 1863 esset,
1680 1817 1743 1853 illa
1768 1825 1866 1856 exiit.

250 1885 349 1920 Tum
372 1880 491 1916 subito
507 1878 672 1915 volatum
691 1883 866 1922 tentavit,
893 1886 929 1911 et
946 1888 1012 1924 per
1030 1884 1147 1910 totam
1165 1874 1235 1909 sori
1254 1874 1442 1910 Thomani
1466 1887 1588 1910 aream
1607 1875 1765 1911 volitans
1784 1890 1867 1912 sen-

251 1946 320 1976 sim
339 1939 480 1974 elevata
501 1947 574 1982 est,
594 1946 673 1972 tum
690 1935 872 1984 templum
891 1931 1190 1969 circumvolitans
1214 1932 1358 1968 videtur
1379 1932 1529 1969 fluvium
1555 1939 1787 1981 superavisse.
1808 1935 1869 1970 An

252 1996 420 2034 volatum
443 1999 652 2029 sustinuerit
679 2003 715 2029 et
744 1992 834 2028 urbe
865 1995 1083 2036 excesserit,
1114 2002 1163 2024 an
1182 1989 1276 2026 sorte
1297 1989 1447 2038 fatigata
1472 1990 1651 2027 deciderit
1669 2000 1706 2026 et
1728 1991 1774 2026 ab
1793 1991 1867 2027 alio

254 2063 361 2102 capta
385 2058 454 2098 sit,
480 2063 539 2086 me
558 2050 656 2087 latet.
1134 2051 1138 2054 “

326 2163 389 2200 De
409 2167 551 2198 ciconia
569 2167 608 2198 in
629 2174 760 2210 genere
779 2162 1052 2199 observationes
1079 2161 1256 2211 quasdam
1275 2159 1385 2195 addo.

327 2223 474 2257 Marem
505 2233 580 2258 esse
605 2230 721 2258 rostro
754 2221 865 2269 paulo
900 2221 1069 2269 longiore
1098 2230 1134 2257 et
1161 2223 1332 2255 crassiore
1360 2226 1610 2257 asseverarunt
1639 2217 1730 2254 mihi
1762 2222 1826 2267 qui
1850 2229 1870 2252 e
