2054 2748
290 142 345 199 96
660 152 1127 185 OBSERVATIONES
1175 152 1529 183 ZOOLOGICAE.

290 239 457 274 braccata
479 266 486 283 ‚
514 244 642 286 pennis
664 239 807 273 macula
831 237 959 271 lineari
973 236 1082 272 fusca.
1109 236 1210 272 Iridis
1229 236 1395 271 colorem
1409 242 1445 272 in
1464 236 1574 272 oculo
1596 245 1676 272 toto
1696 241 1801 284 nigro
1816 247 1894 271 non

290 296 485 343 distinguo
508 296 710 343 Palpebrae
737 295 857 328 undae
873 321 881 336 ,
907 306 1032 341 margo
1054 300 1216 342 superior
1240 293 1379 327 orbitae
1397 293 1502 328 valde
1523 300 1694 328 eminens.
1722 292 1893 328 Maculae

289 354 507 388 rotundatac
536 359 671 400 griseae
702 361 764 385 aut
799 350 1018 385 rufescentes
1051 357 1089 385 in
1122 361 1277 398 utroque
1306 350 1418 384 latere
1454 356 1662 398 remigum,
1706 359 1891 398 quatuor,

289 416 452 458 quinque
471 420 533 444 aut
558 422 640 452 sex,
676 407 801 441 subtus
826 407 1047 455 pallidiores.
1075 408 1267 454 Remigum
1303 413 1422 454 apices
1453 407 1537 442 albi.
1571 408 1761 442 Teccrices
1787 418 1893 453 supe-

288 473 401 502 riores
425 466 619 513 remigibus
643 464 862 499 concolores
882 493 891 509 ,
930 465 994 499 sed
1014 464 1201 499 inferiores
1226 469 1339 511 magis
1365 463 1474 498 flavae
1494 492 1502 509 ,
1537 469 1729 512 praecipue
1754 462 1894 497 alarum

286 531 446 560 anterior
468 534 590 568 margo
618 521 736 555 ssavus.
765 521 1054 569 Hypochondria
1084 521 1150 556 alis
1181 531 1275 556 tecta
1304 520 1487 554 maculata
1512 526 1565 554 uti
1587 519 1784 554 abdomen.
1813 520 1892 552 Hu-

285 588 377 616 meri
408 579 578 614 maculati
615 584 666 612 uti
701 588 777 613 tota
800 578 866 612 ala.
900 578 1037 626 Scapus
1075 583 1241 612 omnium
1269 590 1472 626 pennarum
1505 577 1602 611 dorsi
1629 590 1650 611 a
1683 575 1891 611 tectricibus

286 645 463 684 remigum
488 646 523 671 et
544 635 661 669 nucha
685 635 734 670 ad
753 641 918 670 tectrices
934 634 1072 669 caudae
1096 647 1210 682 usque
1237 645 1322 669 ater.
1351 635 1545 668 Rea-trices
1568 632 1710 677 fuscae,
1735 637 1839 680 apice
1859 640 1895 666 et

287 695 400 729 fasciis
428 706 491 727 sex
528 691 792 727 rufesceutibus
814 720 822 736 ‚
863 692 988 727 subtus
1022 691 1284 739 pallidioribus.
1320 691 1446 726 Pedes
1485 690 1584 733 ssavi,
1621 701 1761 737 ungues
1793 692 1894 734 nigri.

286 752 436 786 Remea.-
462 755 576 798 prima
601 761 734 783 novem
753 749 859 783 lineis
884 749 1027 783 brevior
1040 749 1210 783 secunda.
1238 751 1358 783 Prima
1383 758 1419 783 et
1441 747 1603 783 secunda
1618 752 1781 793 margine
1799 750 1895 779 inte-

286 814 377 843 riore
403 807 547 856 pollicis
566 806 612 841 ab
631 813 733 854 apice
758 807 928 841 distantia
949 806 1056 841 valde
1076 811 1333 853 emarginatae.

358 878 416 923 B.)
446 876 550 910 Alius
572 878 683 910 Anno
711 892 734 911 ι.
765 877 820 923 (d.
842 877 874 912 (ἦ.
899 878 989 925 Apr.
1025 875 1144 923 1793.)
1166 874 1400 909 observatus:

357 942 598 988 Amplitudo
626 941 768 974 volatus
794 952 920 977 exacte
938 941 1074 989 pedum
1095 941 1262 975 duorum.
1283 937 1512 985 Longiczcdo
1532 937 1579 972 ab
1602 941 1706 984 apice
1723 940 1829 970 rostri
1848 934 1897 970 ad

284 1004 427 1047 apicem
449 998 585 1031 caudae
603 996 781 1044 polliuun
797 997 980 1031 undecim.
1010 998 1105 1030 Cera
1126 997 1426 1030 [lavo-virescens.
1448 995 1620 1028 Rostrum
1642 992 1896 1027 coerulescens

285 1069 349 1091 seu
369 1054 603 1103 plumbeum,
624 1060 727 1101 apice
748 1059 864 1100 nigro.
896 1055 1009 1088 Nares
1027 1052 1292 1101 peninsulatae.
1320 1050 1476 1085 Maxilla
1497 1055 1661 1098 superior
1679 1059 1786 1083 acute
1805 1048 1897 1082 den-

283 1111 458 1155 ticulata,
494 1110 642 1144 inferior
672 1119 849 1144 truncata.
886 1111 1015 1156 Margo
1049 1108 1247 1158 palpebrae
1282 1112 1475 1156 superioris
1515 1119 1579 1141 seu
1611 1111 1731 1154 potius
1767 1117 1894 1152 margo

285 1169 426 1204 orbitae
446 1173 611 1215 superior
629 1173 851 1212 prominens.

363 1234 478 1266 Tarsi
502 1231 700 1264 femoribus
731 1230 866 1276 (tibiis)
897 1235 1000 1264 tertia
1021 1230 1095 1264 fere
1124 1239 1228 1278 parte
1252 1229 1456 1272 breviores,
1483 1227 1574 1262 infia
1605 1232 1757 1271 scutati,
1789 1238 1897 1274 supra

283 1294 484 1338 squamati,
511 1292 642 1322 citrini.
662 1287 812 1333 Ungues
845 1291 947 1333 nigri.
976 1287 1141 1320 Dorsum
1167 1290 1575 1331 cyaneo-cinerascens‚
1602 1282 1730 1318 rhachi
1754 1295 1897 1331 penna-

284 1358 365 1380 rum
388 1351 510 1390 nigra,
536 1349 700 1392 margine
721 1348 904 1376 anteriore
929 1343 1152 1386 rufescente,
1179 1342 1281 1388 quod
1303 1347 1342 1375 in
1365 1340 1577 1375 rectricibus
1601 1340 1740 1375 caudae
1763 1345 1899 1374 sensim

285 1406 522 1436 imminuitur.

357 1466 562 1511 Remiges,
588 1471 629 1497 ut
651 1468 689 1496 in
712 1459 947 1509 praecedenti
970 1465 1195 1508 specimine,
1222 1473 1295 1495 una
1317 1472 1401 1495 cum
1431 1459 1638 1495 tectricibus
1670 1466 1707 1494 in
1738 1470 1898 1508 utroque

284 1528 449 1569 margine
470 1517 796 1561 rufo-maculatae3
815 1517 877 1551 sed
896 1516 1062 1551 maculae
1082 1523 1204 1564 potius
1223 1527 1305 1552 sunt
1328 1517 1459 1552 fasciae
1478 1516 1704 1564 ferrugineae
1720 1545 1728 1562 ,
1755 1523 1897 1564 postice

286 1579 413 1622 albae3
452 1583 489 1611 in
516 1581 631 1625 prima
655 1580 791 1621 remige
817 1574 946 1608 decem
963 1602 971 1617 ‚
1008 1578 1045 1607 in
1067 1574 1227 1609 secunda
1258 1574 1414 1609 totidem
1435 1601 1444 1618 ‚
1482 1584 1548 1608 etc.
1578 1575 1687 1621 Apex
1717 1579 1898 1621 remigum

287 1649 365 1672 non
384 1635 479 1669 adeo
500 1633 585 1667 albo
609 1638 831 1679 marginatus
848 1641 888 1664 ut
909 1636 947 1664 in
967 1631 1010 1665 A.
1038 1631 1145 1678 Apex
1170 1630 1275 1666 albus
1298 1631 1594 1665 secundariarum
1614 1636 1653 1664 in
1674 1630 1897 1677 complicata

286 1693 344 1728 ala
368 1697 515 1738 strigam
542 1689 665 1724 albam
689 1689 823 1723 format
849 1697 888 1722 ut
909 1692 947 1721 in
973 1686 1051 1722 iHO.
1081 1687 1215 1723 Subtus
1237 1693 1275 1722 in
1303 1687 1369 1722 alis
1394 1687 1548 1722 eaedem
1564 1715 1573 1732 ,
1599 1686 1663 1721 sed
1685 1686 1896 1734 pallidiores

287 1761 322 1786 et
340 1749 470 1784 fasciae
489 1747 609 1781 fuscae
627 1756 663 1780 et
681 1745 790 1781 rufae.

364 1815 555 1849 Tem-[ces
577 1811 765 1846 inferiores
784 1810 974 1858 eleganter
993 1820 1155 1857 guttatae
1170 1838 1178 1854 ,
1214 1809 1367 1845 maculis
1386 1809 1478 1843 albis
1498 1813 1670 1856 utrinque
1694 1807 1742 1842 ad
1767 1819 1897 1855 quam-

288 1871 378 1908 libet
400 1870 553 1906 rhachin
579 1868 691 1903 tribus
720 1875 758 1903 in
778 1867 893 1902 fundo
915 1867 1030 1902 diluto
1058 1867 1237 1901 brunneo.
1269 1867 1437 1900 Pennae
1461 1865 1507 1900 ad
1534 1870 1736 1912 marginem
1765 1863 1896 1898 hume-

288 1940 412 1965 rorum
435 1934 473 1961 in
495 1925 684 1974 superficie
712 1927 881 1959 interiore
916 1923 1012 1957 linea
1040 1922 1299 1970 longitudinali
1331 1923 1462 1958 media.
1493 1921 1593 1956 Gula
1620 1931 1655 1956 et
1686 1920 1826 1955 collum
1850 1920 1898 1956 ad

288 1987 402 2022 latera
429 1983 561 2018 albida.
601 1982 737 2017 Albida
770 1987 879 2016 etiam
912 1979 1029 2023 frons,
1065 1979 1225 2027 (parcius
1259 1989 1383 2014 tamen
1413 1985 1452 2013 in
1482 1977 1628 2024 medio)
1663 1987 1740 2012 tum
1770 1989 1895 2024 margo

289 2039 561 2091 supraorbitalis
580 2068 588 2080 ,
617 2045 715 2086 regio
740 2038 807 2073 sub
829 2036 945 2071 oculis
969 2036 1168 2071 albescens.
1197 2036 1351 2070 Nuchae
1376 2041 1465 2071 vitta
1484 2034 1608 2070 albida
1629 2062 1637 2079 ,
1664 2045 1758 2081 quae
1782 2038 1821 2067 in
1852 2034 1896 2068 A.

288 2100 412 2143 adest,
438 2104 498 2133 vix
516 2106 666 2145 apparet
687 2111 694 2139 3
722 2095 786 2130 secl
810 2095 907 2129 linea
930 2099 1031 2140 nigra
1052 2093 1097 2128 de
1128 2092 1264 2140 angulo
1291 2098 1362 2126 oris
1386 2092 1638 2135 descendens,
1665 2102 1758 2138 quae
1777 2095 1896 2125 minus

289 2156 363 2192 lata
381 2160 574 2201 minusque
597 2152 777 2201 profunde
802 2157 904 2198 nigra
924 2163 1034 2198 quam
1056 2155 1091 2183 in
1112 2148 1364 2184 Subbuteone.

360 2222 506 2256 Ventris
538 2231 682 2268 pennae
721 2217 866 2253 macula
897 2216 1017 2250 media
1051 2214 1159 2250 fusca.
1207 2213 1408 2249 Abdomen
1448 2217 1628 2260 posterius
1659 2220 1696 2247 et
1732 2216 1895 2247 tectrices

1757 2267 1895 2302 caudae
