2054 2748
755 168 1181 197 MAMMAnxA.
1714 157 1763 202 61

241 265 451 302 Palmarum
471 262 600 311 pollex
625 261 742 296 brevis
761 288 769 305 ‚
795 268 857 294 aut
876 264 998 306 potius
1020 257 1237 306 unguiculus
1257 256 1453 306 pollicaris.

240 322 302 357 Ad
320 320 496 368 angulum
515 325 585 353 oris
609 317 674 366 pili
697 322 806 352 etiam
826 321 931 349 intuS.

240 380 284 413 In
309 378 433 426 palato
454 375 614 424 papillae
633 385 703 410 tres
725 383 944 408 transversae
959 398 968 416 ,
997 377 1215 419 posteriores
1238 371 1405 417 latiores,
1433 370 1549 406 albae.

240 434 454 469 Maxillares
478 431 582 466 nullo
602 430 715 465 modo
738 427 853 462 oculis
878 432 1058 474 attingere
1087 440 1243 475 possum.
1270 430 1367 476 Ergo
1391 428 1510 464 valeat
1533 427 1598 463 ille
1620 428 1767 467 charae-

169 500 224 528 ter
244 518 253 536 ,
287 496 350 539 qui
373 504 394 525 a
423 486 683 524 recentioribus
705 490 744 519 in
764 483 1028 532 distinguendis
1053 490 1211 519 murium
1235 484 1426 532 generibus
1445 491 1645 522 assumitur.
1671 487 1769 523 Nam

169 553 249 596 quis
269 553 521 581 commissuras
544 541 727 578 labiorum
750 541 881 586 findet,
907 551 972 576 aut
989 540 1155 577 sceleton
1175 542 1325 590 parabit.

242 606 283 639 In
303 603 406 639 labiis
431 611 467 636 et
487 600 610 647 lingua
634 611 675 634 ea
702 598 792 633 mihi
818 598 961 633 videtur
983 611 1059 633 esse
1089 608 1285 643 structura,
1320 610 1360 635 ut
1383 612 1423 635 os
1455 599 1625 636 claudere
1655 607 1772 650 possit

168 660 256 697 dum
276 659 372 695 rodit
393 657 459 693 sub
485 670 578 706 aqua
595 684 603 701 ‚
630 662 793 703 margine
812 655 995 691 labiorum
1016 662 1243 705 superiorum
1261 656 1308 691 ad
1331 669 1368 691 se
1390 663 1547 692 invicem
1568 659 1770 696 accedente

167 726 208 752 ut
232 717 357 751 dentes
394 724 495 750 extra
528 719 599 748 oris
631 723 838 762 aperturam
868 723 1052 749 maneant.
1093 715 1177 748 Huc
1203 718 1280 748 sine
1305 714 1416 749 dubio
1450 714 1588 750 faciunt
1622 728 1771 765 quoque

165 778 253 808 istae
290 771 450 820 papillae
479 770 682 820 palatinae3
711 783 804 818 quae
836 781 919 807 sunt
951 771 1105 806 eaedem
1132 783 1217 806 cum
1241 777 1337 819 rugis
1363 771 1477 820 palati
1508 771 1665 808 aliorum
1690 780 1769 809 ani-

163 829 327 866 maltum.

238 888 309 921 Ista
338 895 516 920 structura
536 894 660 919 tamen
683 883 865 918 labiorum
889 890 997 919 etiam
1030 889 1068 919 ni
1095 883 1227 930 fallor,
1255 890 1293 920 in
1315 891 1449 920 criceto
1478 883 1698 921 observatur.

236 944 339 977 Haec
370 942 565 990 descriptio
585 941 677 976 facta
701 941 747 976 ad
767 947 954 989 specimen
978 941 1011 976 d.
1033 954 1080 989 29
1097 941 1224 977 floreal
1245 942 1315 977 Ao.
1343 943 1403 977 VI.
1431 941 1575 990 (1798.)
1600 948 1639 978 in
1659 943 1768 980 horto

165 997 409 1034 Schureriano
433 997 634 1046 plurimum
654 997 779 1032 damni
797 996 964 1032 inferens.

480 1114 642 1157 MUS
693 1114 1249 1158 PENDULINUS.
1296 1114 1459 1158 Nobis.

239 1225 506 1259 cinereo-acer
517 1252 527 1266 ,
572 1224 708 1259 subcus
734 1224 850 1259 albus
866 1252 877 1266 ‚
918 1225 1052 1259 cauda
1085 1227 1255 1271 corporis
1288 1225 1550 1271 longitudine.

240 1279 374 1314 Similis
392 1286 485 1314 muri
505 1280 672 1314 musculo
685 1280 765 1324 ,sed
781 1286 910 1314 minor.
937 1280 1221 1328 Dispiciendum
1239 1280 1359 1314 adhuc
1371 1292 1445 1327 quo
1459 1292 1542 1315 vero
1558 1290 1594 1316 et
1609 1288 1770 1328 genuino

166 1337 373 1373 charactere
385 1342 498 1384 possit
511 1336 693 1382 distingui.
710 1335 845 1370 Differt
857 1346 981 1370 autem
993 1341 1146 1369 omnino
1159 1362 1167 1377 ‚
1187 1335 1245 1369 vel
1263 1335 1341 1368 sola
1356 1340 1450 1370 vitae
1464 1341 1607 1370 ratione
1621 1348 1656 1372 et
1671 1339 1771 1375 nido.

164 1396 296 1429 Missus
317 1392 386 1425 Ao.
406 1395 492 1437 reip.
514 1390 543 1423 ὅ.
568 1389 690 1435 (1795.
704 1387 930 1435 Septembri)
946 1400 967 1422 a
982 1387 1234 1431 schroedero,
1255 1398 1398 1435 pastore
1414 1389 1770 1432 Schillersdorfiano.

164 1452 217 1485 Ita
235 1447 298 1483 ille
318 1452 356 1481 in
384 1446 513 1481 litteris
535 1445 568 1480 d.
590 1457 644 1491 25).
665 1445 758 1492 Aug.
786 1445 882 1492 ¹795·
906 1444 997 1491 (Ao.
1022 1443 1072 1491 ὅ.)
1097 1460 1113 1476 ι(
1125 1445 1236 1482 Mitto
1258 1444 1323 1479 tibi
1343 1457 1486 1481 murem
1506 1453 1666 1484 soricino
1686 1462 1771 1501 tuo,

167 1517 306 1553 «quern
329 1503 418 1537 mihi
442 1507 694 1546 montravisti‚
733 1500 889 1536 similem
905 1529 914 1547 ‚
954 1501 1017 1536 secl
1044 1500 1136 1535 nihil
1157 1500 1268 1538 habet
1294 1515 1379 1537 cum
1410 1508 1527 1539 sorice
1555 1517 1770 1546 communis.

167 1565 367 1610 «Accipies
390 1559 496 1594 simul
530 1558 682 1603 nidum,
711 1560 791 1606 [qui
823 1571 868 1594 ex
894 1563 1001 1593 meris
1028 1563 1221 1606 gramineis
1244 1558 1340 1594 foliis
1363 1570 1557 1598 contextus
1578 1574 1651 1610 est,
1677 1576 1713 1603 et
1735 1573 1773 1604 in

165 1618 278 1653 fundo
319 1616 429 1652 habet
460 1615 601 1664 aliquid
633 1615 828 1663 glutinosi,
875 1615 949 1650 fere
980 1615 1106 1650 similis
1137 1615 1193 1650 illi
1225 1616 1327 1664 quod
1367 1622 1403 1652 in
1440 1618 1529 1654 nido
1568 1620 1773 1662 hirundinis

166 1675 292 1723 apodis
319 1679 543 1722 conspicitur
561 1701 569 1717 ,
604 1673 667 1707 sed
690 1673 792 1720 quod
817 1679 853 1707 in
881 1672 970 1707 nido
996 1673 1066 1707 Ao.
1092 1684 1190 1719 ¹797·
1220 1673 1307 1715 (Ao.
1335 1674 1386 1718 5.)
1410 1680 1447 1710 in
1477 1675 1607 1714 culmis
1635 1693 1773 1719 avenae

165 1743 339 1780 suspenso
360 1758 369 1775 ,
396 1743 473 1764 non
505 1739 688 1777 repertum
709 1731 778 1774 est]
820 1741 931 1777 quem
957 1741 1034 1763 non
1056 1735 1094 1763 in
1117 1729 1295 1765 cuniculis
1322 1731 1389 1766 sub
1417 1742 1538 1779 terra,
1575 1736 1640 1772 sed
1676 1743 1773 1775 inter

168 1804 183 1823 «ε
197 1798 336 1823 erectos
355 1786 529 1821 frumenti
550 1785 692 1820 culmos
713 1791 818 1833 ponit
833 1813 842 1831 ‚
868 1791 906 1820 in
932 1785 1063 1834 quibus
1086 1798 1189 1821 more
1210 1787 1288 1823 nidi
1315 1794 1393 1837 pari
1415 1790 1608 1838 pendulini
1631 1794 1772 1843 (potius

168 1844 290 1879 «turdi
315 1842 569 1889 arundinacei)
603 1855 795 1890 suspensus
824 1841 958 1878 haeret.
987 1844 1167 1879 Messores
1194 1850 1268 1879 mei
1294 1845 1432 1881 multos
1459 1849 1639 1894 ejusmodi
1664 1853 1772 1888 nidos

169 1910 408 1949 «repererunt
424 1928 433 1945 ,
458 1905 496 1935 in
518 1899 649 1948 quibus
673 1912 779 1949 saepe
799 1900 941 1944 decem,
964 1899 1011 1935 ad
1033 1905 1226 1936 minimum
1245 1911 1330 1938 octo
1354 1903 1496 1940 catulos
1514 1914 1660 1955 reperiri
1679 1922 1771 1944 asse-

168 1968 282 1993 «runt
296 1972 323 1993 n.
350 1958 594 2003 [Asseveravit
624 1957 714 1992 mihi
736 1968 862 2006 postea
886 1957 1095 1993 Schallerus
1124 1959 1251 1994 Pastor
1281 1959 1592 1999 Pfafi'enhofianus
1615 1977 1770 2014 agrestes

167 2027 285 2050 mures
314 2014 444 2064 pluviis
465 2020 569 2049 annis
595 2015 702 2050 nidos
726 2028 833 2063 supra
860 2025 994 2050 terram
1017 2025 1163 2051 struere.
1197 2016 1309 2062 Quod
1339 2020 1654 2067 examinandum]
1682 2023 1771 2057 Inde

168 2083 307 2107 murem
323 2072 588 2120 pendullnzcm
609 2077 734 2107 vocavi
755 2071 853 2107 hanc
871 2077 1039 2120 speciem.

242 2129 330 2173 [Est
352 2143 439 2164 mus
465 2132 703 2171 αυεηανὶιις,
729 2130 794 2164 die
811 2129 1082 2165 Habermmcss
1097 2157 1108 2172 ‚
1139 2129 1312 2179 Woffii,
1345 2133 1540 2170 Versuche
1563 2134 1627 2170 die
1652 2134 1768 2170 Feld‘

171 2195 350 2221 maeusse
367 2199 414 2221 zu
432 2186 639 2234 vercilgen.
665 2186 766 2222 Kiel.
799 2194 916 2235 1794,
937 2199 1032 2235 pag.
1056 2186 1108 2225 16.
1135 2187 1213 2224 315.
1239 2187 1326 2236 Ed]
