<?xml version="1.0" encoding="UTF-8"?>
<!DOCTYPE html PUBLIC "-//W3C//DTD XHTML 1.0 Transitional//EN"
    "http://www.w3.org/TR/xhtml1/DTD/xhtml1-transitional.dtd">
<html xmlns="http://www.w3.org/1999/xhtml" xml:lang="en" lang="en">
 <head>
  <title>
</title>
<meta http-equiv="Content-Type" content="text/html;charset=utf-8" />
  <meta name='ocr-system' content='tesseract 3.04.00' />
  <meta name='ocr-capabilities' content='ocr_page ocr_carea ocr_par ocr_line ocrx_word'/>
</head>
<body>
  <div class='ocr_page' id='page_1' title='image "./observationeszoo00herm_0134.png"; bbox 0 0 2054 2748; ppageno 0'>
   <div class='ocr_carea' id='block_1_1' title="bbox 292 121 1524 164">
    <p class='ocr_par' dir='ltr' id='par_1_1' title="bbox 292 121 1524 164">
     <span class='ocr_line' id='line_1_1' title="bbox 292 121 1524 164; baseline -0.007 0"><span class='ocrx_word' id='word_1_1' title='bbox 292 121 367 164; x_wconf 72' lang='lat'>118</span> <span class='ocrx_word' id='word_1_2' title='bbox 643 123 1125 160; x_wconf 68' lang='lat' dir='ltr'>osssEnvAmoNEs</span> <span class='ocrx_word' id='word_1_3' title='bbox 1160 125 1524 155; x_wconf 75' lang='lat' dir='ltr'>ZOOLOGICAE.</span> 
     </span>
    </p>
   </div>
   <div class='ocr_carea' id='block_1_2' title="bbox 282 209 1900 606">
    <p class='ocr_par' dir='ltr' id='par_1_2' title="bbox 282 209 1900 606">
     <span class='ocr_line' id='line_1_2' title="bbox 334 209 1897 266; baseline -0.003 -13"><span class='ocrx_word' id='word_1_4' title='bbox 334 220 448 253; x_wconf 86' lang='lat' dir='ltr'>Linea</span> <span class='ocrx_word' id='word_1_5' title='bbox 463 215 705 266; x_wconf 87' lang='lat' dir='ltr'>superciliaris</span> <span class='ocrx_word' id='word_1_6' title='bbox 720 213 911 261; x_wconf 87' lang='lat' dir='ltr'>aliquanto</span> <span class='ocrx_word' id='word_1_7' title='bbox 927 209 1059 246; x_wconf 80' lang='lat' dir='ltr'>obscu-</span> <span class='ocrx_word' id='word_1_8' title='bbox 1170 211 1284 245; x_wconf 82' lang='lat' dir='ltr'>Linea</span> <span class='ocrx_word' id='word_1_9' title='bbox 1305 209 1546 258; x_wconf 73' lang='lat' dir='ltr'>super-ciliaris</span> <span class='ocrx_word' id='word_1_10' title='bbox 1573 209 1779 246; x_wconf 81' lang='lat' dir='ltr'>distinctior</span> <span class='ocrx_word' id='word_1_11' title='bbox 1802 222 1838 248; x_wconf 88' lang='lat' dir='ltr'>et</span> <span class='ocrx_word' id='word_1_12' title='bbox 1857 218 1897 248; x_wconf 87' lang='lat' dir='ltr'>in</span> 
     </span>
     <span class='ocr_line' id='line_1_3' title="bbox 282 265 1895 312; baseline -0.004 0"><span class='ocrx_word' id='word_1_13' title='bbox 282 282 365 312; x_wconf 89' lang='lat' dir='ltr'>rior.</span> <span class='ocrx_word' id='word_1_14' title='bbox 1122 266 1271 302; x_wconf 80' lang='lat' dir='ltr'>fasciam</span> <span class='ocrx_word' id='word_1_15' title='bbox 1289 265 1453 302; x_wconf 87' lang='lat' dir='ltr'>albidam</span> <span class='ocrx_word' id='word_1_16' title='bbox 1471 266 1671 303; x_wconf 79' lang='lat' dir='ltr'>frontalem</span> <span class='ocrx_word' id='word_1_17' title='bbox 1690 281 1895 305; x_wconf 83' lang='lat' dir='ltr'>excurrens.</span> 
     </span>
     <span class='ocr_line' id='line_1_4' title="bbox 335 324 1701 369; baseline -0.005 -1"><span class='ocrx_word' id='word_1_18' title='bbox 335 334 510 368; x_wconf 75' lang='lat' dir='ltr'>Dorsum</span> <span class='ocrx_word' id='word_1_19' title='bbox 532 331 683 369; x_wconf 83' lang='lat' dir='ltr'>fuscum.</span> <span class='ocrx_word' id='word_1_20' title='bbox 1171 325 1346 360; x_wconf 74' lang='lat' dir='ltr'>Dorsum</span> <span class='ocrx_word' id='word_1_21' title='bbox 1365 324 1701 361; x_wconf 86' lang='lat' dir='ltr'>subcoerulescens.</span> 
     </span>
     <span class='ocr_line' id='line_1_5' title="bbox 335 381 1898 431; baseline -0.005 -5"><span class='ocrx_word' id='word_1_22' title='bbox 335 391 514 426; x_wconf 79' lang='lat' dir='ltr'>Braccae</span> <span class='ocrx_word' id='word_1_23' title='bbox 560 386 707 424; x_wconf 88' lang='lat' dir='ltr'>sordide</span> <span class='ocrx_word' id='word_1_24' title='bbox 722 405 739 412; x_wconf 90' lang='lat'>-</span> <span class='ocrx_word' id='word_1_25' title='bbox 753 382 861 419; x_wconf 82' lang='lat' dir='ltr'>albae</span> <span class='ocrx_word' id='word_1_26' title='bbox 882 411 891 430; x_wconf 91' lang='lat'>,</span> <span class='ocrx_word' id='word_1_27' title='bbox 940 381 1060 418; x_wconf 83' lang='lat' dir='ltr'>fusco·</span> <span class='ocrx_word' id='word_1_28' title='bbox 1173 382 1352 417; x_wconf 77' lang='lat' dir='ltr'>Braccae</span> <span class='ocrx_word' id='word_1_29' title='bbox 1372 390 1472 417; x_wconf 85' lang='lat' dir='ltr'>totae</span> <span class='ocrx_word' id='word_1_30' title='bbox 1489 381 1739 431; x_wconf 78' lang='lat' dir='ltr'>ferrugineae,</span> <span class='ocrx_word' id='word_1_31' title='bbox 1767 390 1898 419; x_wconf 87' lang='lat' dir='ltr'>imma-</span> 
     </span>
     <span class='ocr_line' id='line_1_6' title="bbox 285 437 1900 488; baseline -0.004 -4"><span class='ocrx_word' id='word_1_32' title='bbox 285 447 500 484; x_wconf 74' lang='lat' dir='ltr'>maculatae.</span> <span class='ocrx_word' id='word_1_33' title='bbox 1124 439 1288 483; x_wconf 89' lang='lat' dir='ltr'>culatae;</span> <span class='ocrx_word' id='word_1_34' title='bbox 1316 437 1418 488; x_wconf 86' lang='lat' dir='ltr'>quod</span> <span class='ocrx_word' id='word_1_35' title='bbox 1436 452 1504 488; x_wconf 86' lang='lat' dir='ltr'>pro</span> <span class='ocrx_word' id='word_1_36' title='bbox 1525 440 1698 488; x_wconf 81' lang='lat' dir='ltr'>specifico</span> <span class='ocrx_word' id='word_1_37' title='bbox 1719 451 1900 478; x_wconf 79' lang='lat' dir='ltr'>caractere</span> 
     </span>
     <span class='ocr_line' id='line_1_7' title="bbox 915 496 1672 546; baseline 0.001 -14"><span class='ocrx_word' id='word_1_38' title='bbox 915 537 918 539; x_wconf 18' lang='grc' dir='ltr'><strong>Α</strong></span> <span class='ocrx_word' id='word_1_39' title='bbox 1124 509 1317 546; x_wconf 81' lang='lat' dir='ltr'>perperam</span> <span class='ocrx_word' id='word_1_40' title='bbox 1341 496 1453 532; x_wconf 88' lang='lat' dir='ltr'>habet</span> <span class='ocrx_word' id='word_1_41' title='bbox 1471 496 1672 534; x_wconf 74' lang='lat' dir='ltr'>Buffonius.</span> 
     </span>
     <span class='ocr_line' id='line_1_8' title="bbox 340 553 1547 606; baseline -0.007 -7"><span class='ocrx_word' id='word_1_42' title='bbox 340 563 512 599; x_wconf 72' lang='lat' dir='ltr'>Crtssmn</span> <span class='ocrx_word' id='word_1_43' title='bbox 533 558 793 606; x_wconf 73' lang='lat' dir='ltr'>ferrugineum:</span> <span class='ocrx_word' id='word_1_44' title='bbox 1175 554 1347 590; x_wconf 73' lang='lat' dir='ltr'>Crisszcm</span> <span class='ocrx_word' id='word_1_45' title='bbox 1369 553 1547 590; x_wconf 85' lang='lat' dir='ltr'>albidum.</span> 
     </span>
    </p>
   </div>
   <div class='ocr_carea' id='block_1_3' title="bbox 430 650 1279 705">
    <p class='ocr_par' dir='ltr' id='par_1_3' title="bbox 430 650 1279 705">
     <span class='ocr_line' id='line_1_9' title="bbox 430 650 1279 705; baseline -0.008 -12"><span class='ocrx_word' id='word_1_46' title='bbox 430 656 679 705; x_wconf 74' lang='lat' dir='ltr'>U1·0py·gium</span> <span class='ocrx_word' id='word_1_47' title='bbox 701 655 857 689; x_wconf 87' lang='lat' dir='ltr'>Linnaei</span> <span class='ocrx_word' id='word_1_48' title='bbox 880 650 1010 688; x_wconf 87' lang='lat' dir='ltr'>album</span> <span class='ocrx_word' id='word_1_49' title='bbox 1031 663 1111 687; x_wconf 89' lang='lat' dir='ltr'>non</span> <span class='ocrx_word' id='word_1_50' title='bbox 1129 657 1279 701; x_wconf 83' lang='lat' dir='ltr'>reperio.</span> 
     </span>
    </p>
   </div>
   <div class='ocr_carea' id='block_1_4' title="bbox 288 725 1905 884">
    <p class='ocr_par' dir='ltr' id='par_1_4' title="bbox 288 725 1905 884">
     <span class='ocr_line' id='line_1_10' title="bbox 336 725 1905 778; baseline -0.004 -10"><span class='ocrx_word' id='word_1_51' title='bbox 336 732 493 768; x_wconf 73' lang='lat' dir='ltr'>Pedum</span> <span class='ocrx_word' id='word_1_52' title='bbox 538 732 637 767; x_wconf 70' lang='lat' dir='ltr'>tarsi</span> <span class='ocrx_word' id='word_1_53' title='bbox 673 727 861 778; x_wconf 82' lang='lat' dir='ltr'>plumbei,</span> <span class='ocrx_word' id='word_1_54' title='bbox 903 726 1063 771; x_wconf 84' lang='lat' dir='ltr'>sordidi;</span> <span class='ocrx_word' id='word_1_55' title='bbox 1181 727 1296 761; x_wconf 81' lang='lat' dir='ltr'>Tarsi</span> <span class='ocrx_word' id='word_1_56' title='bbox 1315 730 1495 771; x_wconf 88' lang='lat' dir='ltr'>aurantii,</span> <span class='ocrx_word' id='word_1_57' title='bbox 1521 729 1560 760; x_wconf 84' lang='lat' dir='ltr'>in</span> <span class='ocrx_word' id='word_1_58' title='bbox 1575 737 1642 762; x_wconf 81' lang='lat' dir='ltr'>ave</span> <span class='ocrx_word' id='word_1_59' title='bbox 1656 730 1810 761; x_wconf 85' lang='lat' dir='ltr'>recenti.</span> <span class='ocrx_word' id='word_1_60' title='bbox 1826 725 1905 762; x_wconf 93' lang='lat' dir='ltr'>Un-</span> 
     </span>
     <span class='ocr_line' id='line_1_11' title="bbox 288 782 1619 840; baseline -0.008 -13"><span class='ocrx_word' id='word_1_61' title='bbox 288 797 414 840; x_wconf 83' lang='lat' dir='ltr'>utique</span> <span class='ocrx_word' id='word_1_62' title='bbox 434 796 473 825; x_wconf 92' lang='lat' dir='ltr'>in</span> <span class='ocrx_word' id='word_1_63' title='bbox 491 802 556 826; x_wconf 86' lang='lat' dir='ltr'>ave</span> <span class='ocrx_word' id='word_1_64' title='bbox 576 788 712 824; x_wconf 83' lang='lat' dir='ltr'>abhinc</span> <span class='ocrx_word' id='word_1_65' title='bbox 731 785 827 822; x_wconf 88' lang='lat' dir='ltr'>ultra</span> <span class='ocrx_word' id='word_1_66' title='bbox 847 789 976 832; x_wconf 83' lang='lat' dir='ltr'>viginti</span> <span class='ocrx_word' id='word_1_67' title='bbox 995 796 1061 820; x_wconf 87' lang='lat' dir='ltr'>an·</span> <span class='ocrx_word' id='word_1_68' title='bbox 1128 795 1217 832; x_wconf 82' lang='lat' dir='ltr'>gues</span> <span class='ocrx_word' id='word_1_69' title='bbox 1237 782 1430 831; x_wconf 87' lang='lat' dir='ltr'>aliquanto</span> <span class='ocrx_word' id='word_1_70' title='bbox 1452 784 1619 830; x_wconf 85' lang='lat' dir='ltr'>majores.</span> 
     </span>
     <span class='ocr_line' id='line_1_12' title="bbox 288 847 467 884; baseline -0.006 -1"><span class='ocrx_word' id='word_1_71' title='bbox 288 855 343 884; x_wconf 83' lang='lat' dir='ltr'>nis</span> <span class='ocrx_word' id='word_1_72' title='bbox 366 847 467 883; x_wconf 85' lang='lat' dir='ltr'>farta.</span> 
     </span>
    </p>
   </div>
   <div class='ocr_carea' id='block_1_5' title="bbox 289 898 1914 1173">
    <p class='ocr_par' dir='ltr' id='par_1_5' title="bbox 289 898 1911 1070">
     <span class='ocr_line' id='line_1_13' title="bbox 362 898 1910 956; baseline -0.006 -12"><span class='ocrx_word' id='word_1_73' title='bbox 362 911 438 945; x_wconf 83' lang='lat' dir='ltr'>Iris</span> <span class='ocrx_word' id='word_1_74' title='bbox 459 920 544 943; x_wconf 81' lang='lat' dir='ltr'>cum</span> <span class='ocrx_word' id='word_1_75' title='bbox 568 905 709 956; x_wconf 86' lang='lat' dir='ltr'>pupilla</span> <span class='ocrx_word' id='word_1_76' title='bbox 730 910 936 953; x_wconf 81' lang='lat' dir='ltr'>nigerrima.</span> <span class='ocrx_word' id='word_1_77' title='bbox 970 903 1123 939; x_wconf 80' lang='lat' dir='ltr'>Prorsus</span> <span class='ocrx_word' id='word_1_78' title='bbox 1145 901 1243 937; x_wconf 87' lang='lat' dir='ltr'>nihil</span> <span class='ocrx_word' id='word_1_79' title='bbox 1263 900 1347 937; x_wconf 76' lang='lat' dir='ltr'>flavi</span> <span class='ocrx_word' id='word_1_80' title='bbox 1374 900 1516 936; x_wconf 85' lang='lat' dir='ltr'>habent</span> <span class='ocrx_word' id='word_1_81' title='bbox 1540 898 1663 945; x_wconf 86' lang='lat' dir='ltr'>oculi,</span> <span class='ocrx_word' id='word_1_82' title='bbox 1692 909 1733 935; x_wconf 90' lang='lat' dir='ltr'>ut</span> <span class='ocrx_word' id='word_1_83' title='bbox 1762 905 1800 934; x_wconf 85' lang='lat' dir='ltr'>in</span> <span class='ocrx_word' id='word_1_84' title='bbox 1830 899 1910 935; x_wconf 86' lang='lat' dir='ltr'>aliis</span> 
     </span>
     <span class='ocr_line' id='line_1_14' title="bbox 292 957 1911 1015; baseline -0.006 -14"><span class='ocrx_word' id='word_1_85' title='bbox 292 966 425 1015; x_wconf 85' lang='lat' dir='ltr'>(Secus</span> <span class='ocrx_word' id='word_1_86' title='bbox 444 978 487 1000; x_wconf 82' lang='lat' dir='ltr'>ae</span> <span class='ocrx_word' id='word_1_87' title='bbox 516 965 688 998; x_wconf 76' lang='lat' dir='ltr'>Brlsson.</span> <span class='ocrx_word' id='word_1_88' title='bbox 714 975 748 1010; x_wconf 89' lang='lat' dir='ltr'>p.</span> <span class='ocrx_word' id='word_1_89' title='bbox 773 962 853 1007; x_wconf 76' lang='lat'>578.</span> <span class='ocrx_word' id='word_1_90' title='bbox 877 960 999 995; x_wconf 86' lang='lat' dir='ltr'>habet.</span> <span class='ocrx_word' id='word_1_91' title='bbox 1026 960 1090 994; x_wconf 92' lang='lat' dir='ltr'>An</span> <span class='ocrx_word' id='word_1_92' title='bbox 1109 959 1173 994; x_wconf 87' lang='lat' dir='ltr'>ille</span> <span class='ocrx_word' id='word_1_93' title='bbox 1192 971 1318 992; x_wconf 90' lang='lat' dir='ltr'>meum</span> <span class='ocrx_word' id='word_1_94' title='bbox 1338 957 1552 992; x_wconf 67' lang='lat' dir='ltr'>intellexit?</span> <span class='ocrx_word' id='word_1_95' title='bbox 1580 958 1641 992; x_wconf 88' lang='lat' dir='ltr'>An</span> <span class='ocrx_word' id='word_1_96' title='bbox 1667 962 1782 993; x_wconf 86' lang='lat' dir='ltr'>variat</span> <span class='ocrx_word' id='word_1_97' title='bbox 1805 957 1911 992; x_wconf 89' lang='lat' dir='ltr'>color</span> 
     </span>
     <span class='ocr_line' id='line_1_15' title="bbox 289 1012 1767 1070; baseline -0.007 -11"><span class='ocrx_word' id='word_1_98' title='bbox 289 1021 446 1070; x_wconf 68' lang='lat' dir='ltr'>iridis‘?)</span> <span class='ocrx_word' id='word_1_99' title='bbox 463 1022 524 1056; x_wconf 91' lang='lat' dir='ltr'>An</span> <span class='ocrx_word' id='word_1_100' title='bbox 547 1032 653 1056; x_wconf 87' lang='lat' dir='ltr'>sexus</span> <span class='ocrx_word' id='word_1_101' title='bbox 675 1017 879 1054; x_wconf 78' lang='lat' dir='ltr'>differentia</span> <span class='ocrx_word' id='word_1_102' title='bbox 895 1045 903 1062; x_wconf 95' lang='lat'>,</span> <span class='ocrx_word' id='word_1_103' title='bbox 921 1028 969 1050; x_wconf 87' lang='lat' dir='ltr'>an</span> <span class='ocrx_word' id='word_1_104' title='bbox 991 1015 1144 1050; x_wconf 68' lang='lat' dir='ltr'>aetatis?</span> <span class='ocrx_word' id='word_1_105' title='bbox 1165 1015 1366 1061; x_wconf 84' lang='lat' dir='ltr'>Utriusque</span> <span class='ocrx_word' id='word_1_106' title='bbox 1385 1012 1604 1061; x_wconf 79' lang='lat' dir='ltr'>magnitudo</span> <span class='ocrx_word' id='word_1_107' title='bbox 1626 1013 1767 1048; x_wconf 87' lang='lat' dir='ltr'>eadem.</span> 
     </span>
    </p>

    <p class='ocr_par' dir='ltr' id='par_1_6' title="bbox 291 1070 1914 1173">
     <span class='ocr_line' id='line_1_16' title="bbox 365 1070 1914 1126; baseline -0.005 -12"><span class='ocrx_word' id='word_1_108' title='bbox 365 1080 504 1114; x_wconf 84' lang='lat' dir='ltr'>Mirum</span> <span class='ocrx_word' id='word_1_109' title='bbox 524 1089 646 1126; x_wconf 86' lang='lat' dir='ltr'>neque</span> <span class='ocrx_word' id='word_1_110' title='bbox 671 1078 897 1111; x_wconf 87' lang='lat' dir='ltr'>Brissonium</span> <span class='ocrx_word' id='word_1_111' title='bbox 910 1084 1034 1121; x_wconf 86' lang='lat' dir='ltr'>neque</span> <span class='ocrx_word' id='word_1_112' title='bbox 1051 1070 1265 1106; x_wconf 85' lang='lat' dir='ltr'>Busfonium</span> <span class='ocrx_word' id='word_1_113' title='bbox 1286 1070 1333 1105; x_wconf 88' lang='lat' dir='ltr'>de</span> <span class='ocrx_word' id='word_1_114' title='bbox 1347 1070 1495 1105; x_wconf 89' lang='lat' dir='ltr'>naribus</span> <span class='ocrx_word' id='word_1_115' title='bbox 1516 1080 1552 1106; x_wconf 88' lang='lat' dir='ltr'>et</span> <span class='ocrx_word' id='word_1_116' title='bbox 1575 1080 1692 1106; x_wconf 86' lang='lat' dir='ltr'>rostro</span> <span class='ocrx_word' id='word_1_117' title='bbox 1710 1070 1914 1120; x_wconf 83' lang='lat' dir='ltr'>quidquam</span> 
     </span>
     <span class='ocr_line' id='line_1_17' title="bbox 291 1137 423 1173; baseline -0.015 0"><span class='ocrx_word' id='word_1_118' title='bbox 291 1137 423 1173; x_wconf 85' lang='lat' dir='ltr'>dicere.</span> 
     </span>
    </p>
   </div>
   <div class='ocr_carea' id='block_1_6' title="bbox 365 1186 1545 1354">
    <p class='ocr_par' dir='ltr' id='par_1_7' title="bbox 365 1186 1545 1354">
     <span class='ocr_line' id='line_1_18' title="bbox 662 1186 1545 1236; baseline -0.009 1"><span class='ocrx_word' id='word_1_119' title='bbox 662 1190 930 1236; x_wconf 89' lang='lat' dir='ltr'><strong>FALCO</strong></span> <span class='ocrx_word' id='word_1_120' title='bbox 978 1186 1545 1232; x_wconf 88' lang='lat' dir='ltr'>TINUNCULUS.</span> 
     </span>
     <span class='ocr_line' id='line_1_19' title="bbox 365 1275 1316 1354; baseline -0.012 -11"><span class='ocrx_word' id='word_1_121' title='bbox 365 1308 437 1344; x_wconf 78' lang='lat' dir='ltr'>Ao.</span> <span class='ocrx_word' id='word_1_122' title='bbox 460 1306 490 1342; x_wconf 88' lang='lat'>5.</span> <span class='ocrx_word' id='word_1_123' title='bbox 519 1304 644 1354; x_wconf 76' lang='lat'>(1796.</span> <span class='ocrx_word' id='word_1_124' title='bbox 671 1303 797 1340; x_wconf 66' lang='lat' dir='ltr'>medio</span> <span class='ocrx_word' id='word_1_125' title='bbox 823 1298 1060 1348; x_wconf 66' lang='lat' dir='ltr'>Decembri.)</span> <span class='ocrx_word' id='word_1_126' title='bbox 1311 1275 1316 1278; x_wconf 74' lang='grc'><strong>’</strong></span> 
     </span>
    </p>
   </div>
   <div class='ocr_carea' id='block_1_7' title="bbox 293 1354 1927 2269">
    <p class='ocr_par' dir='ltr' id='par_1_8' title="bbox 293 1354 1919 1698">
     <span class='ocr_line' id='line_1_20' title="bbox 366 1354 1916 1407; baseline -0.005 -9"><span class='ocrx_word' id='word_1_127' title='bbox 366 1365 530 1398; x_wconf 79' lang='lat' dir='ltr'>Femina.</span> <span class='ocrx_word' id='word_1_128' title='bbox 545 1362 664 1396; x_wconf 76' lang='lat' dir='ltr'>Oculi</span> <span class='ocrx_word' id='word_1_129' title='bbox 677 1366 779 1407; x_wconf 82' lang='lat' dir='ltr'>nigri.</span> <span class='ocrx_word' id='word_1_130' title='bbox 800 1360 962 1393; x_wconf 80' lang='lat' dir='ltr'>Pessime</span> <span class='ocrx_word' id='word_1_131' title='bbox 978 1357 1073 1390; x_wconf 87' lang='lat' dir='ltr'>adeo</span> <span class='ocrx_word' id='word_1_132' title='bbox 1091 1362 1130 1389; x_wconf 91' lang='lat' dir='ltr'>in</span> <span class='ocrx_word' id='word_1_133' title='bbox 1143 1354 1309 1389; x_wconf 87' lang='lat' dir='ltr'>Frischio</span> <span class='ocrx_word' id='word_1_134' title='bbox 1325 1359 1466 1396; x_wconf 87' lang='lat' dir='ltr'>citrini;</span> <span class='ocrx_word' id='word_1_135' title='bbox 1487 1360 1525 1388; x_wconf 88' lang='lat' dir='ltr'>in</span> <span class='ocrx_word' id='word_1_136' title='bbox 1536 1354 1795 1390; x_wconf 84' lang='lat' dir='ltr'>Daubentonii</span> <span class='ocrx_word' id='word_1_137' title='bbox 1809 1360 1916 1403; x_wconf 82' lang='lat' dir='ltr'>pictis</span> 
     </span>
     <span class='ocr_line' id='line_1_21' title="bbox 293 1409 1918 1469; baseline -0.006 -13"><span class='ocrx_word' id='word_1_138' title='bbox 293 1421 416 1469; x_wconf 81' lang='lat' dir='ltr'>figuris</span> <span class='ocrx_word' id='word_1_139' title='bbox 444 1418 543 1453; x_wconf 78' lang='lat' dir='ltr'>fulvi.</span> <span class='ocrx_word' id='word_1_140' title='bbox 571 1419 686 1452; x_wconf 85' lang='lat' dir='ltr'>Nares</span> <span class='ocrx_word' id='word_1_141' title='bbox 711 1412 1058 1462; x_wconf 82' lang='lat' dir='ltr'>subpeninsulatae3</span> <span class='ocrx_word' id='word_1_142' title='bbox 1086 1410 1226 1446; x_wconf 88' lang='lat' dir='ltr'>scilicet</span> <span class='ocrx_word' id='word_1_143' title='bbox 1248 1415 1288 1444; x_wconf 87' lang='lat' dir='ltr'>in</span> <span class='ocrx_word' id='word_1_144' title='bbox 1315 1409 1439 1444; x_wconf 86' lang='lat' dir='ltr'>media</span> <span class='ocrx_word' id='word_1_145' title='bbox 1465 1421 1554 1444; x_wconf 86' lang='lat' dir='ltr'>nare</span> <span class='ocrx_word' id='word_1_146' title='bbox 1570 1437 1579 1454; x_wconf 92' lang='lat'>,</span> <span class='ocrx_word' id='word_1_147' title='bbox 1605 1410 1671 1445; x_wconf 78' lang='lat' dir='ltr'>secl</span> <span class='ocrx_word' id='word_1_148' title='bbox 1701 1411 1918 1458; x_wconf 84' lang='lat' dir='ltr'>profundius</span> 
     </span>
     <span class='ocr_line' id='line_1_22' title="bbox 294 1465 1919 1525; baseline -0.006 -12"><span class='ocrx_word' id='word_1_149' title='bbox 294 1477 423 1513; x_wconf 82' lang='lat' dir='ltr'>haeret</span> <span class='ocrx_word' id='word_1_150' title='bbox 457 1484 664 1525; x_wconf 87' lang='lat' dir='ltr'>punctum,</span> <span class='ocrx_word' id='word_1_151' title='bbox 699 1472 802 1521; x_wconf 85' lang='lat' dir='ltr'>quod</span> <span class='ocrx_word' id='word_1_152' title='bbox 840 1482 925 1505; x_wconf 86' lang='lat' dir='ltr'>cum</span> <span class='ocrx_word' id='word_1_153' title='bbox 954 1471 1120 1516; x_wconf 81' lang='lat' dir='ltr'>margine</span> <span class='ocrx_word' id='word_1_154' title='bbox 1152 1472 1298 1502; x_wconf 89' lang='lat' dir='ltr'>narium</span> <span class='ocrx_word' id='word_1_155' title='bbox 1324 1465 1523 1501; x_wconf 86' lang='lat' dir='ltr'>cohaerere</span> <span class='ocrx_word' id='word_1_156' title='bbox 1550 1465 1652 1501; x_wconf 87' lang='lat' dir='ltr'>haud</span> <span class='ocrx_word' id='word_1_157' title='bbox 1677 1467 1797 1503; x_wconf 80' lang='lat' dir='ltr'>video,</span> <span class='ocrx_word' id='word_1_158' title='bbox 1833 1468 1919 1504; x_wconf 86' lang='lat' dir='ltr'>Vidi</span> 
     </span>
     <span class='ocr_line' id='line_1_23' title="bbox 295 1523 1918 1576; baseline -0.006 -6"><span class='ocrx_word' id='word_1_159' title='bbox 295 1533 474 1570; x_wconf 84' lang='lat' dir='ltr'>bacillum</span> <span class='ocrx_word' id='word_1_160' title='bbox 493 1536 552 1567; x_wconf 88' lang='lat' dir='ltr'>cui</span> <span class='ocrx_word' id='word_1_161' title='bbox 572 1529 773 1574; x_wconf 77' lang='lat' dir='ltr'>insidebat,</span> <span class='ocrx_word' id='word_1_162' title='bbox 800 1534 849 1564; x_wconf 87' lang='lat' dir='ltr'>ita</span> <span class='ocrx_word' id='word_1_163' title='bbox 878 1525 1110 1576; x_wconf 88' lang='lat' dir='ltr'>prehendere</span> <span class='ocrx_word' id='word_1_164' title='bbox 1126 1553 1135 1570; x_wconf 89' lang='lat'>,</span> <span class='ocrx_word' id='word_1_165' title='bbox 1161 1533 1202 1559; x_wconf 89' lang='lat' dir='ltr'>ut</span> <span class='ocrx_word' id='word_1_166' title='bbox 1231 1523 1366 1571; x_wconf 82' lang='lat' dir='ltr'>digitus</span> <span class='ocrx_word' id='word_1_167' title='bbox 1390 1528 1550 1559; x_wconf 87' lang='lat' dir='ltr'>exterior</span> <span class='ocrx_word' id='word_1_168' title='bbox 1577 1533 1776 1559; x_wconf 85' lang='lat' dir='ltr'>retrorsum</span> <span class='ocrx_word' id='word_1_169' title='bbox 1801 1534 1918 1560; x_wconf 87' lang='lat' dir='ltr'>verte-</span> 
     </span>
     <span class='ocr_line' id='line_1_24' title="bbox 295 1580 1917 1637; baseline -0.007 -9"><span class='ocrx_word' id='word_1_170' title='bbox 295 1602 393 1628; x_wconf 84' lang='lat' dir='ltr'>retur</span> <span class='ocrx_word' id='word_1_171' title='bbox 407 1619 417 1637; x_wconf 86' lang='lat'>,</span> <span class='ocrx_word' id='word_1_172' title='bbox 448 1600 512 1626; x_wconf 89' lang='lat' dir='ltr'>aut</span> <span class='ocrx_word' id='word_1_173' title='bbox 535 1599 742 1625; x_wconf 87' lang='lat' dir='ltr'>extrorsum</span> <span class='ocrx_word' id='word_1_174' title='bbox 767 1596 808 1622; x_wconf 87' lang='lat' dir='ltr'>ut</span> <span class='ocrx_word' id='word_1_175' title='bbox 826 1589 959 1632; x_wconf 83' lang='lat' dir='ltr'>unguis</span> <span class='ocrx_word' id='word_1_176' title='bbox 982 1581 1162 1618; x_wconf 83' lang='lat' dir='ltr'>bacillum</span> <span class='ocrx_word' id='word_1_177' title='bbox 1181 1593 1261 1616; x_wconf 90' lang='lat' dir='ltr'>non</span> <span class='ocrx_word' id='word_1_178' title='bbox 1280 1580 1567 1629; x_wconf 84' lang='lat' dir='ltr'>amplecteretur</span> <span class='ocrx_word' id='word_1_179' title='bbox 1582 1608 1591 1626; x_wconf 91' lang='lat'>,</span> <span class='ocrx_word' id='word_1_180' title='bbox 1623 1580 1689 1616; x_wconf 87' lang='lat' dir='ltr'>sed</span> <span class='ocrx_word' id='word_1_181' title='bbox 1713 1593 1808 1629; x_wconf 87' lang='lat' dir='ltr'>apex</span> <span class='ocrx_word' id='word_1_182' title='bbox 1841 1583 1917 1629; x_wconf 87' lang='lat' dir='ltr'>ejus</span> 
     </span>
     <span class='ocr_line' id='line_1_25' title="bbox 296 1647 629 1698; baseline -0.015 -12"><span class='ocrx_word' id='word_1_183' title='bbox 296 1655 366 1698; x_wconf 86' lang='lat' dir='ltr'>ipsi</span> <span class='ocrx_word' id='word_1_184' title='bbox 386 1647 629 1684; x_wconf 82' lang='lat' dir='ltr'>incumberet.</span> 
     </span>
    </p>

    <p class='ocr_par' dir='ltr' id='par_1_9' title="bbox 299 1693 1923 1982">
     <span class='ocr_line' id='line_1_26' title="bbox 370 1693 1920 1752; baseline -0.008 -10"><span class='ocrx_word' id='word_1_185' title='bbox 370 1709 524 1742; x_wconf 86' lang='lat' dir='ltr'>Incauto</span> <span class='ocrx_word' id='word_1_186' title='bbox 549 1703 673 1740; x_wconf 87' lang='lat' dir='ltr'>cibum</span> <span class='ocrx_word' id='word_1_187' title='bbox 699 1713 811 1752; x_wconf 84' lang='lat' dir='ltr'>quem</span> <span class='ocrx_word' id='word_1_188' title='bbox 829 1698 1000 1736; x_wconf 84' lang='lat' dir='ltr'>manibus</span> <span class='ocrx_word' id='word_1_189' title='bbox 1019 1708 1144 1743; x_wconf 85' lang='lat' dir='ltr'>tenes,</span> <span class='ocrx_word' id='word_1_190' title='bbox 1175 1696 1242 1733; x_wconf 89' lang='lat' dir='ltr'>tibi</span> <span class='ocrx_word' id='word_1_191' title='bbox 1264 1694 1388 1744; x_wconf 84' lang='lat' dir='ltr'>grallis</span> <span class='ocrx_word' id='word_1_192' title='bbox 1410 1700 1483 1730; x_wconf 87' lang='lat' dir='ltr'>suis</span> <span class='ocrx_word' id='word_1_193' title='bbox 1510 1700 1624 1744; x_wconf 82' lang='lat' dir='ltr'>eripit.</span> <span class='ocrx_word' id='word_1_194' title='bbox 1651 1695 1768 1730; x_wconf 87' lang='lat' dir='ltr'>Vorat</span> <span class='ocrx_word' id='word_1_195' title='bbox 1796 1693 1920 1730; x_wconf 79' lang='lat' dir='ltr'>alosae</span> 
     </span>
     <span class='ocr_line' id='line_1_27' title="bbox 301 1751 1923 1804; baseline -0.008 -4"><span class='ocrx_word' id='word_1_196' title='bbox 301 1777 368 1801; x_wconf 87' lang='lat' dir='ltr'>ova</span> <span class='ocrx_word' id='word_1_197' title='bbox 387 1773 424 1798; x_wconf 89' lang='lat' dir='ltr'>et</span> <span class='ocrx_word' id='word_1_198' title='bbox 443 1762 646 1799; x_wconf 86' lang='lat' dir='ltr'>branchias.</span> <span class='ocrx_word' id='word_1_199' title='bbox 668 1762 758 1797; x_wconf 83' lang='lat' dir='ltr'>Non</span> <span class='ocrx_word' id='word_1_200' title='bbox 779 1770 906 1796; x_wconf 86' lang='lat' dir='ltr'>tamen</span> <span class='ocrx_word' id='word_1_201' title='bbox 924 1755 1041 1804; x_wconf 89' lang='lat' dir='ltr'>jubilo</span> <span class='ocrx_word' id='word_1_202' title='bbox 1061 1760 1206 1803; x_wconf 86' lang='lat' dir='ltr'>excepit</span> <span class='ocrx_word' id='word_1_203' title='bbox 1220 1781 1229 1799; x_wconf 94' lang='lat'>,</span> <span class='ocrx_word' id='word_1_204' title='bbox 1255 1764 1297 1789; x_wconf 92' lang='lat' dir='ltr'>ut</span> <span class='ocrx_word' id='word_1_205' title='bbox 1316 1752 1405 1788; x_wconf 90' lang='lat' dir='ltr'>alias</span> <span class='ocrx_word' id='word_1_206' title='bbox 1425 1751 1545 1788; x_wconf 85' lang='lat' dir='ltr'>faeere</span> <span class='ocrx_word' id='word_1_207' title='bbox 1563 1752 1679 1797; x_wconf 82' lang='lat' dir='ltr'>solet,</span> <span class='ocrx_word' id='word_1_208' title='bbox 1704 1752 1792 1787; x_wconf 90' lang='lat' dir='ltr'>licet</span> <span class='ocrx_word' id='word_1_209' title='bbox 1815 1751 1923 1788; x_wconf 89' lang='lat' dir='ltr'>valde</span> 
     </span>
     <span class='ocr_line' id='line_1_28' title="bbox 299 1808 1921 1865; baseline -0.008 -8"><span class='ocrx_word' id='word_1_210' title='bbox 299 1820 490 1857; x_wconf 87' lang='lat' dir='ltr'>famelicus</span> <span class='ocrx_word' id='word_1_211' title='bbox 517 1829 620 1855; x_wconf 85' lang='lat' dir='ltr'>esset.</span> <span class='ocrx_word' id='word_1_212' title='bbox 656 1816 862 1854; x_wconf 87' lang='lat' dir='ltr'>Famelicus</span> <span class='ocrx_word' id='word_1_213' title='bbox 891 1813 1069 1865; x_wconf 88' lang='lat' dir='ltr'>quaerulo</span> <span class='ocrx_word' id='word_1_214' title='bbox 1090 1825 1184 1847; x_wconf 89' lang='lat' dir='ltr'>sono</span> <span class='ocrx_word' id='word_1_215' title='bbox 1204 1811 1328 1847; x_wconf 88' lang='lat' dir='ltr'>cibum</span> <span class='ocrx_word' id='word_1_216' title='bbox 1356 1815 1468 1859; x_wconf 84' lang='lat' dir='ltr'>petit,</span> <span class='ocrx_word' id='word_1_217' title='bbox 1504 1809 1566 1844; x_wconf 90' lang='lat' dir='ltr'>ubi</span> <span class='ocrx_word' id='word_1_218' title='bbox 1595 1808 1776 1844; x_wconf 86' lang='lat' dir='ltr'>famulum</span> <span class='ocrx_word' id='word_1_219' title='bbox 1799 1810 1921 1856; x_wconf 85' lang='lat' dir='ltr'>videt,</span> 
     </span>
     <span class='ocr_line' id='line_1_29' title="bbox 301 1867 1923 1928; baseline -0.007 -14"><span class='ocrx_word' id='word_1_220' title='bbox 301 1884 364 1928; x_wconf 87' lang='lat' dir='ltr'>qui</span> <span class='ocrx_word' id='word_1_221' title='bbox 379 1877 554 1927; x_wconf 88' lang='lat' dir='ltr'>praebere</span> <span class='ocrx_word' id='word_1_222' title='bbox 569 1876 675 1912; x_wconf 87' lang='lat' dir='ltr'>solet.</span> <span class='ocrx_word' id='word_1_223' title='bbox 704 1875 838 1910; x_wconf 89' lang='lat' dir='ltr'>Cibum</span> <span class='ocrx_word' id='word_1_224' title='bbox 853 1886 928 1909; x_wconf 89' lang='lat' dir='ltr'>uno</span> <span class='ocrx_word' id='word_1_225' title='bbox 949 1872 1044 1921; x_wconf 88' lang='lat' dir='ltr'>pede</span> <span class='ocrx_word' id='word_1_226' title='bbox 1064 1882 1213 1915; x_wconf 86' lang='lat' dir='ltr'>tenens,</span> <span class='ocrx_word' id='word_1_227' title='bbox 1234 1869 1364 1904; x_wconf 87' lang='lat' dir='ltr'>dextro</span> <span class='ocrx_word' id='word_1_228' title='bbox 1387 1867 1557 1916; x_wconf 87' lang='lat' dir='ltr'>quidem,</span> <span class='ocrx_word' id='word_1_229' title='bbox 1584 1872 1729 1902; x_wconf 87' lang='lat' dir='ltr'>sinistro</span> <span class='ocrx_word' id='word_1_230' title='bbox 1754 1871 1923 1904; x_wconf 87' lang='lat' dir='ltr'>insistens</span> 
     </span>
     <span class='ocr_line' id='line_1_30' title="bbox 303 1931 1211 1982; baseline -0.011 -11"><span class='ocrx_word' id='word_1_231' title='bbox 303 1948 349 1971; x_wconf 88' lang='lat' dir='ltr'>ex</span> <span class='ocrx_word' id='word_1_232' title='bbox 368 1947 444 1970; x_wconf 92' lang='lat' dir='ltr'>uno</span> <span class='ocrx_word' id='word_1_233' title='bbox 462 1946 593 1969; x_wconf 85' lang='lat' dir='ltr'>caveae</span> <span class='ocrx_word' id='word_1_234' title='bbox 617 1932 754 1982; x_wconf 75' lang='lat' dir='ltr'>angulo</span> <span class='ocrx_word' id='word_1_235' title='bbox 772 1938 809 1968; x_wconf 94' lang='lat' dir='ltr'>in</span> <span class='ocrx_word' id='word_1_236' title='bbox 833 1931 991 1967; x_wconf 88' lang='lat' dir='ltr'>alterum</span> <span class='ocrx_word' id='word_1_237' title='bbox 1011 1941 1049 1964; x_wconf 87' lang='lat' dir='ltr'>se</span> <span class='ocrx_word' id='word_1_238' title='bbox 1068 1933 1211 1976; x_wconf 83' lang='lat' dir='ltr'>recipit.</span> 
     </span>
    </p>

    <p class='ocr_par' dir='ltr' id='par_1_10' title="bbox 304 1980 1927 2269">
     <span class='ocr_line' id='line_1_31' title="bbox 375 1980 1925 2037; baseline -0.008 -9"><span class='ocrx_word' id='word_1_239' title='bbox 375 1995 552 2028; x_wconf 86' lang='lat' dir='ltr'>Intestina</span> <span class='ocrx_word' id='word_1_240' title='bbox 569 1991 680 2027; x_wconf 84' lang='lat' dir='ltr'>ovilla</span> <span class='ocrx_word' id='word_1_241' title='bbox 700 1993 825 2037; x_wconf 85' lang='lat' dir='ltr'>rejicit.</span> <span class='ocrx_word' id='word_1_242' title='bbox 841 1990 957 2023; x_wconf 86' lang='lat' dir='ltr'>Vorat</span> <span class='ocrx_word' id='word_1_243' title='bbox 977 1986 1131 2021; x_wconf 79' lang='lat' dir='ltr'>frustum</span> <span class='ocrx_word' id='word_1_244' title='bbox 1149 1990 1266 2019; x_wconf 85' lang='lat' dir='ltr'>carnis</span> <span class='ocrx_word' id='word_1_245' title='bbox 1286 1983 1479 2032; x_wconf 78' lang='lat' dir='ltr'>vulpinae3</span> <span class='ocrx_word' id='word_1_246' title='bbox 1505 1981 1570 2016; x_wconf 86' lang='lat' dir='ltr'>sed</span> <span class='ocrx_word' id='word_1_247' title='bbox 1585 1980 1700 2016; x_wconf 87' lang='lat' dir='ltr'>altero</span> <span class='ocrx_word' id='word_1_248' title='bbox 1721 1980 1780 2015; x_wconf 89' lang='lat' dir='ltr'>die</span> <span class='ocrx_word' id='word_1_249' title='bbox 1794 1985 1925 2016; x_wconf 86' lang='lat' dir='ltr'>iterum</span> 
     </span>
     <span class='ocr_line' id='line_1_32' title="bbox 304 2036 1924 2099; baseline -0.007 -14"><span class='ocrx_word' id='word_1_250' title='bbox 304 2059 512 2099; x_wconf 87' lang='lat' dir='ltr'>porrectam</span> <span class='ocrx_word' id='word_1_251' title='bbox 532 2048 655 2096; x_wconf 78' lang='lat' dir='ltr'>grallis</span> <span class='ocrx_word' id='word_1_252' title='bbox 678 2058 779 2084; x_wconf 82' lang='lat' dir='ltr'>tenet</span> <span class='ocrx_word' id='word_1_253' title='bbox 796 2076 803 2093; x_wconf 91' lang='lat'>,</span> <span class='ocrx_word' id='word_1_254' title='bbox 824 2047 946 2081; x_wconf 89' lang='lat' dir='ltr'>forsan</span> <span class='ocrx_word' id='word_1_255' title='bbox 966 2052 1155 2079; x_wconf 83' lang='lat' dir='ltr'>saturatus.</span> <span class='ocrx_word' id='word_1_256' title='bbox 1182 2041 1298 2076; x_wconf 87' lang='lat' dir='ltr'>Tibiis</span> <span class='ocrx_word' id='word_1_257' title='bbox 1316 2054 1427 2076; x_wconf 83' lang='lat' dir='ltr'>ranae</span> <span class='ocrx_word' id='word_1_258' title='bbox 1452 2040 1638 2089; x_wconf 82' lang='lat' dir='ltr'>degluptis</span> <span class='ocrx_word' id='word_1_259' title='bbox 1657 2050 1742 2073; x_wconf 87' lang='lat' dir='ltr'>cum</span> <span class='ocrx_word' id='word_1_260' title='bbox 1761 2036 1924 2073; x_wconf 87' lang='lat' dir='ltr'>clamore</span> 
     </span>
     <span class='ocr_line' id='line_1_33' title="bbox 306 2094 1925 2155; baseline -0.008 -13"><span class='ocrx_word' id='word_1_261' title='bbox 306 2106 429 2155; x_wconf 79' lang='lat' dir='ltr'>gaudii</span> <span class='ocrx_word' id='word_1_262' title='bbox 454 2105 575 2142; x_wconf 86' lang='lat' dir='ltr'>insilit.</span> <span class='ocrx_word' id='word_1_263' title='bbox 598 2106 684 2140; x_wconf 83' lang='lat' dir='ltr'>Viso</span> <span class='ocrx_word' id='word_1_264' title='bbox 707 2118 799 2140; x_wconf 83' lang='lat' dir='ltr'>cane</span> <span class='ocrx_word' id='word_1_265' title='bbox 820 2111 950 2153; x_wconf 82' lang='lat' dir='ltr'>ignoto</span> <span class='ocrx_word' id='word_1_266' title='bbox 971 2106 1065 2137; x_wconf 87' lang='lat' dir='ltr'>visus</span> <span class='ocrx_word' id='word_1_267' title='bbox 1084 2098 1179 2134; x_wconf 88' lang='lat' dir='ltr'>mihi</span> <span class='ocrx_word' id='word_1_268' title='bbox 1202 2109 1255 2134; x_wconf 87' lang='lat' dir='ltr'>est</span> <span class='ocrx_word' id='word_1_269' title='bbox 1274 2098 1411 2133; x_wconf 84' lang='lat' dir='ltr'>similes</span> <span class='ocrx_word' id='word_1_270' title='bbox 1433 2098 1613 2133; x_wconf 87' lang='lat' dir='ltr'>clamores</span> <span class='ocrx_word' id='word_1_271' title='bbox 1637 2101 1805 2131; x_wconf 84' lang='lat' dir='ltr'>emittere</span> <span class='ocrx_word' id='word_1_272' title='bbox 1833 2094 1925 2142; x_wconf 88' lang='lat' dir='ltr'>illis,</span> 
     </span>
     <span class='ocr_line' id='line_1_34' title="bbox 307 2154 1926 2213; baseline -0.008 -14"><span class='ocrx_word' id='word_1_273' title='bbox 307 2177 400 2213; x_wconf 88' lang='lat' dir='ltr'>quos</span> <span class='ocrx_word' id='word_1_274' title='bbox 420 2163 588 2213; x_wconf 84' lang='lat' dir='ltr'>praebito</span> <span class='ocrx_word' id='word_1_275' title='bbox 604 2162 687 2198; x_wconf 87' lang='lat' dir='ltr'>cibo</span> <span class='ocrx_word' id='word_1_276' title='bbox 705 2162 789 2197; x_wconf 84' lang='lat' dir='ltr'>edit.</span> <span class='ocrx_word' id='word_1_277' title='bbox 819 2163 968 2196; x_wconf 87' lang='lat' dir='ltr'>Murem</span> <span class='ocrx_word' id='word_1_278' title='bbox 981 2157 1153 2208; x_wconf 84' lang='lat' dir='ltr'>praebui,</span> <span class='ocrx_word' id='word_1_279' title='bbox 1180 2169 1292 2205; x_wconf 89' lang='lat' dir='ltr'>quem</span> <span class='ocrx_word' id='word_1_280' title='bbox 1316 2161 1389 2191; x_wconf 88' lang='lat' dir='ltr'>cito</span> <span class='ocrx_word' id='word_1_281' title='bbox 1413 2154 1597 2203; x_wconf 80' lang='lat' dir='ltr'>unguibus</span> <span class='ocrx_word' id='word_1_282' title='bbox 1620 2158 1752 2202; x_wconf 88' lang='lat' dir='ltr'>eripuit</span> <span class='ocrx_word' id='word_1_283' title='bbox 1768 2165 1787 2187; x_wconf 91' lang='lat' dir='ltr'>e</span> <span class='ocrx_word' id='word_1_284' title='bbox 1801 2165 1926 2198; x_wconf 91' lang='lat' dir='ltr'>manu,</span> 
     </span>
     <span class='ocr_line' id='line_1_35' title="bbox 309 2211 1927 2269; baseline -0.008 -12"><span class='ocrx_word' id='word_1_285' title='bbox 309 2221 472 2257; x_wconf 79' lang='lat' dir='ltr'>clamore</span> <span class='ocrx_word' id='word_1_286' title='bbox 496 2221 619 2269; x_wconf 80' lang='lat' dir='ltr'>gaudii</span> <span class='ocrx_word' id='word_1_287' title='bbox 634 2225 772 2255; x_wconf 89' lang='lat' dir='ltr'>nuncio</span> <span class='ocrx_word' id='word_1_288' title='bbox 793 2218 894 2254; x_wconf 85' lang='lat' dir='ltr'>haud</span> <span class='ocrx_word' id='word_1_289' title='bbox 914 2217 1026 2252; x_wconf 84' lang='lat' dir='ltr'>edito.</span> <span class='ocrx_word' id='word_1_290' title='bbox 1053 2216 1212 2263; x_wconf 89' lang='lat' dir='ltr'>Oportet</span> <span class='ocrx_word' id='word_1_291' title='bbox 1225 2219 1409 2261; x_wconf 80' lang='lat' dir='ltr'>integrum</span> <span class='ocrx_word' id='word_1_292' title='bbox 1428 2218 1628 2258; x_wconf 82' lang='lat' dir='ltr'>voravisse,</span> <span class='ocrx_word' id='word_1_293' title='bbox 1653 2211 1760 2259; x_wconf 88' lang='lat' dir='ltr'>(nam</span> <span class='ocrx_word' id='word_1_294' title='bbox 1779 2211 1842 2247; x_wconf 88' lang='lat' dir='ltr'>diu</span> <span class='ocrx_word' id='word_1_295' title='bbox 1859 2222 1927 2245; x_wconf 87' lang='lat' dir='ltr'>un-</span> 
     </span>
    </p>
   </div>
  </div>
 </body>
</html>
