2054 2748
787 136 1087 168 PISCES.
1649 141 1731 184 293

200 223 365 258 Primum
385 222 536 257 maculis
560 221 644 256 rufis
671 221 776 269 (ergo
800 220 965 255 canicula
977 220 1011 268 ¹1²)
1034 229 1116 254 cute
1141 223 1354 267 asperrima,
1379 220 1613 256 foraminibus
1632 233 1726 258 retro

130 280 258 314 oculos
275 280 379 326 (ilinc
394 278 517 326 galeus
529 278 579 324 Y),
593 278 728 312 lohulis
742 278 789 312 ad
802 290 926 322 nares,
948 277 1050 321 xhinc
1071 283 1204 312 iterum
1215 276 1338 323 galeus
1352 276 1385 322 Ἰ)
1403 284 1514 324 pinna
1529 286 1589 313 ani
1610 280 1730 315 media

128 342 222 371 inter
247 348 376 380 anum,
407 341 469 383 qui
496 341 590 369 inter
617 334 796 369 ventrales
821 341 950 382 pinnas
979 335 1120 369 locatus
1166 333 1394 380 caudamque
1418 340 1617 381 pinnatam.
1655 337 1730 372 Set-l

127 393 200 427 hoc
220 404 368 440 quoque
388 398 425 426 in
446 401 632 440 sequente.
668 391 804 426 Differt
822 401 944 425 autem
965 403 1008 425 eo
1031 391 1131 438 qnod
1150 396 1262 437 pinna
1283 389 1397 424 analis
1425 390 1542 425 metita
1572 399 1614 426 sit
1635 399 1730 427 inter

124 459 318 496 utramque
342 455 494 497 pinnam
523 448 725 493 dorsalem,
755 458 790 482 et
812 453 924 495 pinna
948 446 1099 482 dorsalis
1123 452 1303 494 posterior
1324 446 1443 480 media
1468 452 1561 480 inter
1584 450 1731 482 analeni

128 515 165 539 et
185 505 387 540 caudalem.
414 507 532 540 Pinna
553 504 703 539 dorsalis
727 509 889 538 anterior
915 503 1035 538 media
1064 509 1154 537 inter
1180 502 1360 537 ventrales
1378 512 1423 547 ¹et
1446 502 1600 537 analem.
1637 508 1730 538 Cau-

129 560 220 595 dalis
238 560 588 609 perpendiculariter
612 559 686 594 fere
702 570 867 595 truncata
889 569 924 594 et
945 572 1027 593 cum
1050 559 1217 593 inferiore
1231 559 1401 606 angulata
1419 565 1532 606 magis
1547 566 1730 595 tontinua.

128 619 247 665 Caput
262 629 415 664 superne
435 623 554 650 minus
573 622 784 664 prominens
805 626 839 651 et
864 629 883 650 a
905 615 1056 650 maxilla
1075 621 1259 664 superiore
1279 622 1397 650 minus
1418 626 1634 663 separatum.

187 673 307 708 Alteri
322 673 426 707 color
441 683 537 707 totns
557 678 740 716 cinereus,
763 672 935 721 obliquae
954 678 1061 707 striae
1080 682 1286 707 retrorsum.
1325 676 1424 706 Cutis
1446 678 1566 708 minus
1585 686 1709 722 aspera
1722 703 1730 718 ,

127 728 308 765 foramina
334 736 422 764 item
448 740 543 764 retro
566 729 713 774 oculos,
736 733 842 777 (ergo
863 729 1032 777 galeus'l)
1060 729 1194 763 lohulis
1214 729 1260 763 ad
1281 741 1382 763 nares
1403 729 1513 763 nullis
1536 729 1639 777 (ergo
1670 744 1730 765 ca-

126 786 310 832 nicula!).
339 788 455 820 Pinna
474 792 535 820 ani
555 797 593 821 ut
614 792 652 820 in
670 786 913 833 praecedente
931 792 1024 820 inter
1047 799 1160 820 anum
1183 796 1219 820 et
1240 786 1414 829 caudam,
1437 786 1499 819 scd
1516 792 1628 834 pinna
1645 787 1730 821 dor-

125 843 208 879 salis
228 848 388 877 anterior
411 843 530 877 media
554 848 649 876 inter
672 842 876 890 pectorales
901 852 936 877 et
960 842 1137 876 centralcs
1152 870 1160 886 ,
1189 847 1369 890 posterior
1395 843 1606 877 immediate
1633 843 1732 878 anali

126 904 304 947 opposita.
333 899 503 934 Candalis
527 899 678 948 oblique
700 905 814 947 magis
836 910 1020 944 truncata,
1045 909 1080 934 et
1103 898 1149 933 ab
1169 898 1339 932 inferiore
1363 904 1443 932 sinu
1468 900 1605 943 majore
1629 912 1732 948 sepa-

124 966 210 990 rata.
238 958 354 990 Nasus
385 962 497 1003 magis
523 962 735 1004 prominens
766 966 802 990 et
830 969 850 990 a
882 955 1030 990 maxilla
1060 960 1245 1002 superiore
1273 965 1465 1000 separatus.
1507 958 1593 987 icon
1621 968 1732 1002 quam

124 1012 324 1046 Edwardus
343 1013 409 1044 Av.
422 1020 444 1044 t.
459 1013 535 1056 289.
553 1011 724 1056 exhibet,
739 1017 923 1058 positione
938 1017 1134 1057 pinnarum
1148 1021 1232 1044 cum
1248 1021 1331 1043 meo
1348 1009 1534 1045 maculato
1547 1017 1732 1057 convenit,

122 1079 199 1102 non
219 1076 341 1101 autem
360 1065 522 1100 maculis,

545 1163 922 1222 SQUALUS
967 1162 1304 1206 PRISTIS.

195 1258 389 1292 NUMERUS
414 1255 579 1290 dentium
599 1261 637 1290 in
656 1268 751 1290 serra
772 1256 921 1292 frontali
945 1262 1105 1292 maxime
1125 1262 1245 1291 variar.
1282 1258 1322 1290 In
1344 1257 1655 1305 septempollicari
1679 1265 1730 1294 vi-

123 1319 212 1360 ginti
234 1325 368 1347 novem
396 1318 548 1360 reperti,
579 1317 618 1346 in
638 1312 798 1360 bipedali
823 1319 971 1348 nonnisi
994 1313 1281 1361 quatuordecim.
1320 1314 1360 1347 In
1386 1325 1467 1348 mea
1486 1316 1730 1362 sesquipedali

122 1375 161 1404 in
180 1382 255 1403 uno
277 1369 401 1411 latere,
422 1381 555 1415 nempe
576 1374 720 1402 sinistro
733 1397 741 1413 ,
761 1369 918 1403 sedecim
933 1397 941 1413 ,
958 1375 995 1403 in
1017 1370 1147 1404 dextro
1168 1369 1452 1416 septemdecim,
1471 1370 1516 1404 ab
1538 1377 1641 1404 initio
1661 1385 1729 1420 op-

123 1431 233 1473 positi
248 1453 256 1470 ,
280 1431 318 1459 in
333 1429 489 1472 septimo
509 1430 586 1472 pari
604 1424 737 1459 alterni
759 1424 836 1459 fieri
851 1431 1043 1473 incipiunt.
1073 1427 1205 1459 Parum
1220 1437 1348 1461 versus
1364 1432 1563 1473 posteriora
1580 1435 1727 1473 curvati,

121 1482 299 1529 depressi,
319 1486 356 1515 ln
377 1490 492 1515 rostro
514 1490 657 1514 tantum
681 1491 860 1527 quantum
876 1487 1111 1528 prominent,
1129 1486 1306 1516 incurvati
1323 1509 1330 1526 ,
1350 1481 1425 1515 basi
1447 1482 1603 1518 abscissa
1624 1484 1726 1519 sulco

122 1543 263 1581 excisa,
286 1541 450 1583 margine
465 1541 667 1583 posteriore
687 1541 820 1583 pariter
838 1536 991 1571 sulcato.

194 1596 236 1627 In
264 1598 397 1626 minori
422 1602 564 1636 autem,
593 1604 687 1640 quae
709 1592 908 1640 nequidem
937 1592 1086 1627 dimidia
1109 1597 1209 1627 istius
1238 1603 1291 1628 est
1318 1593 1570 1641 longitudine,
1601 1595 1727 1632 dentes

121 1658 205 1684 sunt
225 1653 382 1694 triginta.
410 1650 450 1682 In
470 1647 539 1682 alia
560 1648 702 1682 mediae
717 1648 998 1695 magnitudinis,
1018 1648 1079 1682 ubi
1099 1656 1288 1697 proportio
1310 1650 1472 1684 dentium
1494 1652 1663 1698 gracilior
1690 1664 1728 1688 ut

122 1711 160 1739 in
180 1710 245 1738 ista
269 1709 411 1737 minore
440 1703 771 1750 septempollicari,
805 1704 932 1739 dentes
960 1710 997 1739 in
1027 1710 1170 1740 sinistro
1195 1705 1308 1742 latere
1332 1712 1459 1754 viginti
1485 1718 1662 1755 quatuor,
1689 1716 1727 1746 in

121 1761 251 1795 dextro
270 1764 396 1805 viginti
415 1769 566 1806 septem.

192 1818 377 1850 Incertum
393 1828 438 1849 an
462 1815 654 1851 distinctae
669 1822 817 1864 species.

367 1923 683 1980 SQALUS
730 1923 1269 1968 BREVICULUS.
1315 1925 1477 1969 Nobis.

192 2015 249 2051 Le
273 2018 483 2050 mccomci.

181 2074 318 2107 Pinna
335 2073 454 2107 anull
467 2072 692 2118 ‚foramine
707 2072 918 2119 temporali
935 2072 1062 2114 nullo,
1073 2072 1255 2109 dentibus
1275 2076 1430 2122 exiguis
1447 2075 1608 2118 obtusis,
1623 2080 1723 2114 cirro'

123 2128 178 2164 ad
196 2142 310 2163 nares
324 2157 335 2171 ,
356 2142 514 2177 corpore
534 2130 704 2164 maculis
721 2132 892 2176 guttans
913 2131 1021 2163 turis.

182 2185 243 2220 Ad
254 2185 399 2220 nullum
406 2187 796 2223 Broussonetianorum
808 2184 935 2220 referre
946 2197 1102 2233 possum.
1113 2186 1311 2222 ponendus
1321 2198 1403 2235 post
1416 2188 1490 2233 ejus
1501 2193 1659 2235 speciem
1672 2202 1721 2239 19.

1361 2246 1393 2278 N
1409 2257 1434 2278 n
