2054 2748
765 153 1150 182 MAMMALIA.
1708 158 1753 201 71

162 251 248 285 nas,
267 248 344 274 tum
364 243 473 274 cutim
490 266 497 284 ,
516 237 665 273 tandem
681 243 791 274 etiam
804 242 918 285 ipsam
938 249 1086 272 carnem
1104 241 1256 272 voravit,.
1273 236 1488 271 Portionem
1502 235 1653 288 harengi
1669 240 1763 276 saliti

162 295 362 344 aliquando
386 306 535 340 nactus⁷
558 300 729 339 tentavit,
753 304 790 329 et
813 293 981 328 arrodere
1001 299 1132 340 coepit.

234 352 450 401 Serpentem
486 363 664 388 natricem
691 353 873 398 juniorem
904 348 1169 396 spithameuin,
1201 354 1253 384 uti
1282 348 1387 384 illum
1414 362 1589 398 magnum
1613 352 1658 386 de
1688 367 1761 402 quo

162 421 268 456 supra
288 409 447 453 dictum,
467 410 570 444 avide
593 407 787 456 prehendit
806 416 841 441 et
861 405 908 440 ad
923 405 1077 439 caudam
1097 406 1264 440 arrodere
1284 413 1425 454 coepit,
1445 407 1509 442 sed
1529 420 1617 442 mox
1632 412 1764 455 rejecit,

234 467 275 500 In
307 465 452 500 lancem
474 465 613 500 nucleis
638 475 845 497 cerasorum
866 460 1072 496 recentibus
1095 461 1263 496 refertam
1296 469 1433 497 irruens
1463 476 1591 499 omnes
1617 472 1705 501 rosit
1730 479 1765 502 et

162 521 337 557 absumsit
368 521 545 571 quidquid
579 519 689 568 pultis
722 519 873 555 adesset.
908 519 970 554 De
1003 530 1124 553 ceraso
1150 524 1252 566 nigro
1284 519 1507 555 defluentem
1537 534 1687 556 succum
1719 523 1764 557 dv

163 578 288 614 tabula
308 579 424 614 linxit.
1526 612 1530 616 ,

233 637 365 680 Pyrum
391 634 501 682 plane
523 635 747 679 decorticat,
773 645 970 684 antequam
999 635 1044 670 de
1067 647 1110 669 eo
1135 646 1260 669 vorare
1287 639 1447 682 incipiat.
1478 635 1587 670 Haud
1607 636 1766 672 multum

163 700 285 726 tamen
306 691 351 725 de
371 690 437 726 illo
458 692 543 727 edit.
570 694 701 728 Postea
729 692 922 728 abscondit
943 707 949 727 :
986 698 1117 728 iterum
1138 691 1303 726 oblatum
1324 691 1485 739 negligit.
1514 695 1645 728 Gerasa
1664 699 1767 742 nigra

162 747 312 795 quidem
335 757 372 782 et
393 748 491 796 fraga
511 759 634 794 vorat⁷
670 762 748 783 non
766 762 850 785 vero
870 749 952 784 rubi
975 762 1088 784 mora.

233 805 377 839 Nucem
407 811 513 852 pruni
542 808 648 840 reine
672 806 822 840 Claude
849 806 1020 841 arrodere
1051 811 1194 853 coepit,
1222 815 1262 840 ut
1294 816 1417 841 tamen
1447 817 1536 840 mox
1567 805 1767 843 desisteret.

162 863 374 896 Circumeris
396 867 534 896 semina
551 875 629 897 non
649 868 776 910 tangit.
803 865 984 898 Lactucae
1007 861 1147 910 aliquid
1173 862 1383 897 manducat.
1411 863 1530 897 Pruna
1558 863 1768 899 mirabellas

162 927 320 964 quatuor
337 923 516 952 continuo
537 929 661 963 vorat5
687 931 816 953 omnes
840 925 938 967 prius
962 924 1107 966 penitus
1131 918 1395 961 decorticatas3
1420 918 1484 973 sed
1503 929 1613 952 nuces
1643 932 1768 954 earum

161 985 240 1007 non
265 979 390 1021 tangit.
416 975 665 1022 Epistomium
689 974 882 1010 subereum
908 975 1061 1022 lagenae
1084 979 1262 1009 acetariae
1283 973 1399 1008 aufert
1419 983 1455 1008 et
1478 974 1606 1009 rodere
1629 981 1768 1023 incipit.

161 1030 280 1064 Aceto
309 1037 508 1066 successive
529 1030 712 1066 imbutum
730 1031 847 1079 lingit.
876 1030 948 1066 Sed
968 1040 1112 1066 acetum
1135 1042 1243 1078 super
1263 1029 1351 1065 orbe
1373 1029 1542 1065 oblatum
1565 1044 1640 1066 non
1668 1031 1767 1067 bibit.

234 1087 360 1133 Quum
378 1100 490 1122 nuces
508 1098 750 1123 maturescere
766 1094 972 1136 inciperent
990 1092 1092 1122 initio
1108 1087 1296 1122 Fructiferi
1308 1092 1442 1122 mensis
1457 1093 1495 1121 in
1515 1088 1645 1123 virides
1659 1102 1770 1124 nuces

162 1142 353 1190 juglandes
367 1144 531 1179 incidens
545 1145 650 1180 avide
662 1150 852 1193 putamine
866 1145 969 1180 viridi
986 1144 1146 1188 orbavit3
1162 1150 1236 1178 imo
1257 1143 1368 1192 paulo
1384 1154 1467 1193 post
1489 1150 1525 1178 in
1540 1145 1692 1192 glandes
1713 1153 1769 1181 in-

164 1199 288 1234 cidens
302 1199 365 1234 has
379 1200 517 1236 avidius
531 1213 680 1249 quoque
695 1201 893 1249 deglubere
909 1211 945 1236 et
958 1201 1130 1235 devorare
1142 1207 1275 1248 coepit,
1288 1201 1458 1247 neglecto
1472 1213 1621 1248 quoque
1638 1202 1769 1249 lagano

163 1268 247 1289 cum
262 1255 436 1290 fructibus
450 1256 591 1291 horaeis
606 1267 746 1304 param,
759 1257 860 1304 quod
880 1256 968 1291 alias
981 1255 1215 1291 vehementer
1227 1255 1562 1291 amabat.,Observo
1580 1266 1703 1292 tamen
1723 1259 1770 1293 de

162 1311 356 1359 glandibus
371 1318 560 1348 minimam
580 1323 720 1359 partem
742 1326 825 1347 eum
841 1322 983 1359 gustare
999 1340 1007 1355 ,
1026 1312 1091 1346 sed
1110 1317 1308 1346 maximam
1322 1321 1465 1358 partem
1483 1313 1622 1347 cadere.
1649 1315 1771 1349 Etiam

161 1367 308 1414 longius
329 1376 382 1400 est
405 1372 443 1400 in
464 1379 536 1400 una
560 1366 771 1400 devoranda
789 1366 946 1412 glande,
973 1374 1009 1398 et
1032 1365 1179 1411 longior
1194 1377 1305 1412 quam
1324 1371 1361 1399 in
1384 1366 1557 1412 juglande
1575 1380 1679 1403 nuce.

233 1425 277 1458 In
295 1428 434 1457 semina
460 1422 634 1457 cannabis
662 1422 773 1470 paulo
796 1431 879 1470 post
901 1420 1066 1456 incidens
1084 1420 1287 1455 avidissime
1313 1427 1465 1469 appetiit
1490 1433 1525 1458 et
1548 1431 1706 1469 voravit,
1731 1437 1771 1461 ut

164 1485 273 1515 etiam
293 1492 333 1514 os
352 1479 455 1514 humi
474 1479 662 1528 applicans
692 1485 794 1528 quasi
823 1479 999 1526 lingeret,
1030 1489 1149 1525 neque
1177 1483 1401 1513 excorticare
1425 1479 1617 1515 videretur.
1644 1484 1771 1530 Itaque

163 1545 291 1584 postea
317 1535 460 1571 caulem
483 1541 666 1584 integrum
693 1535 868 1570 cannabis
895 1534 1092 1569 femininae
1113 1546 1238 1569 mense
1260 1535 1492 1570 Vendemiali
1515 1537 1688 1583 exhibui,
1708 1540 1771 1575 sed

163 1599 223 1627 vix
243 1602 424 1628 tentatum
443 1592 600 1641 reliquit.
628 1593 690 1627 An
710 1593 811 1641 quod
834 1592 928 1627 odor
951 1591 1072 1636 fortis,
1102 1602 1213 1638 quem
1232 1603 1358 1627 recens
1380 1592 1560 1640 spirabat,
1580 1595 1771 1643 repulerit.

164 1659 225 1684 aut
248 1649 348 1697 quod
368 1655 507 1684 semina
528 1649 697 1684 nondum
719 1659 860 1684 matura
884 1661 962 1683 non
981 1653 1209 1683 tentaverint.

234 1705 349 1740 Sorba
369 1705 497 1740 mollia
520 1718 665 1753 prorsus
690 1718 766 1739 non
789 1711 935 1741 curavit.

236 1761 363 1797 Ilicem
383 1774 467 1796 cum
493 1761 613 1796 baccis
637 1762 780 1807 videns,
807 1775 891 1797 cum
909 1768 1048 1810 impetu
1067 1768 1187 1807 irruit,
1207 1772 1243 1798 et
1260 1763 1402 1812 aliquot
1420 1765 1549 1801 baccas
1563 1773 1711 1803 voravit.

236 1818 395 1866 Mespila
418 1817 673 1853 mollescentia
692 1819 791 1854 haud
814 1819 1038 1854 detrectavit.
1068 1819 1170 1854 Mala
1196 1819 1282 1855 licet
1304 1832 1466 1867 voraret,
1491 1833 1616 1858 tamen
1634 1830 1662 1858 si
1683 1824 1771 1859 dum

164 1874 236 1909 illis
256 1884 478 1920 vesceretur,
494 1874 636 1923 juglans
655 1875 888 1923 praeberetur
902 1904 910 1920 ,
924 1881 1045 1911 statim
1063 1875 1213 1922 abjecit,
1228 1890 1435 1927 nucemque
1450 1886 1612 1928 appetiit.
1633 1882 1770 1916 Panem

165 1931 272 1966 valde
292 1938 443 1976 amavit,
467 1941 503 1966 et
522 1932 620 1967 haud
639 1939 785 1980 exiguas
801 1938 988 1981 portiones
1008 1945 1116 1981 saepe
1136 1946 1181 1968 ex
1200 1938 1343 1982 integro
1359 1948 1453 1983 pane
1466 1937 1605 1972 avulsit.
1633 1938 1770 1972 Panem

166 2000 249 2022 cum
267 1988 419 2023 nucibus
434 1989 785 2024 commanducatum
800 1999 835 2024 et
853 1996 891 2024 in
911 1990 1040 2025 bolum
1059 1991 1250 2027 redactum
1269 1992 1399 2028 lubens
1413 2001 1575 2043 accepit,
1591 2005 1626 2030 et
1641 1995 1769 2029 sedens

167 2050 303 2080 voravit
333 2044 419 2080 licet
448 2045 541 2080 nihil
565 2052 614 2080 sic
639 2046 847 2082 rodendum
875 2046 1037 2082 haberet.
1069 2047 1232 2083 Nucleos
1259 2049 1442 2097 juglandis
1466 2051 1569 2086 labiis
1600 2052 1769 2086 detentos

167 2098 272 2134 facile
286 2101 456 2147 abstulit,
481 2112 518 2137 et
537 2115 626 2137 mox
646 2103 770 2138 cibum
791 2116 835 2138 ex
857 2116 920 2138 ore
941 2103 1130 2139 desumere
1155 2105 1291 2141 didicit.

241 2156 403 2192 Glandes
427 2171 583 2206 quernas
602 2166 797 2195 annotinas
818 2170 946 2195 nactus
966 2160 1136 2196 arrodere
1160 2168 1301 2210 coepit,
1323 2164 1386 2198 sed
1410 2176 1498 2198 mox
1520 2163 1683 2211 reliquit,
1702 2175 1767 2199 nem

169 2216 242 2246 scio
262 2224 309 2246 an
333 2213 381 2248 ob
402 2215 608 2251 ariditatem
627 2229 674 2251 an
694 2217 743 2252 ob
767 2227 935 2254 naturam
955 2216 1061 2263 hujus
1082 2224 1262 2256 varietatis
1281 2220 1526 2268 displicentes.
