2054 2748
253 156 328 200 190
618 153 1097 186 OBSERVATIONES
1139 155 1519 185 ZOOLOGICAE.

245 240 422 275 Aurium
441 249 608 288 apertura
634 240 756 288 ampla
772 267 780 283 ,
810 238 991 286 elliptica,
1016 249 1172 287 quatuor
1196 239 1384 275 linearum.
1421 242 1520 275 Inter
1543 239 1672 275 oculos
1693 250 1729 276 et
1752 253 1853 277 aures

244 302 344 343 regio
367 297 594 344 triangularis
615 297 711 330 nuda
737 301 886 338 citrina3
911 305 996 331 ante
1022 309 1103 331 eam
1122 296 1270 345 plumae
1292 307 1433 332 erectae
1460 303 1606 333 cristam
1626 303 1727 347 quasi
1748 298 1856 334 essor-

244 363 348 388 mant
368 359 419 388 uti
442 358 481 387 in
502 353 602 388 otide
632 351 743 386 tarda.
772 354 814 386 In
834 364 916 387 eam
935 358 1080 388 cristam
1104 354 1202 388 linea
1226 353 1324 389 fusca
1350 366 1396 388 ex
1415 355 1552 402 angulo
1574 355 1769 391 oculorum
1791 369 1857 390 an-

245 416 400 456 teriore,
427 420 463 446 et
489 410 560 445 alia
587 421 632 443 ex
653 408 870 444 mandibula
898 408 1066 446 inferiore
1095 416 1262 446 excurrit.
1302 412 1466 459 Lingua
1493 411 1727 460 cartilaginea
1751 422 1856 448 acuta

244 472 396 515 integra.

322 522 431 557 Gula
450 520 542 556 alba.
573 520 675 556 Colli
694 533 838 570 pennae
861 521 967 558 albae
995 523 1118 559 media
1138 524 1235 560 linea
1256 525 1519 573 longitudinali
1542 525 1650 560 fusca
1682 526 1858 560 Dorsum

244 590 366 616 totum
388 590 529 627 grysew
518 577 687 615 -suscun1.
722 579 962 623 Abdomen,
983 581 1171 627 femora,
1198 585 1363 618 arissam
1387 593 1423 618 et
1446 583 1541 618 alae
1563 583 1689 618 subtus
1712 587 1751 616 iu
1774 587 1856 642 uni-

244 649 384 673 versum
402 635 517 670 albae.
553 636 801 684 Utopygc‘um
821 648 858 673 et
880 643 1049 673 rectrices
1071 639 1215 675 mediae
1237 640 1335 675 dorsi
1356 639 1493 675 001010.

314 695 510 728 Iieccrices
530 692 739 729 duodecim
772 696 893 730 Prima
918 694 1003 730 alba
1027 701 1131 745 apice
1154 702 1279 745 nigro,
1302 703 1340 731 in
1365 703 1529 745 margine
1552 702 1720 731 tenuiore
1739 702 1858 744 nigre-

243 751 328 785 dine
350 750 497 797 longius
516 750 706 798 producta.
746 751 916 786 Secunda
941 752 1089 798 similis,
1117 754 1181 789 sed
1212 725 1465 789 tenuioribusD
1470 759 1641 801 marginis
1667 753 1858 800 nigredine

242 813 360 841 minus
382 807 582 854 producta,
614 807 723 842 fascia
748 821 820 843 una
849 808 965 843 dilute
991 809 1100 845 fusca.
1127 811 1274 845 Tertiae
1298 823 1393 858 apex
1417 810 1619 859 aequaliter
1640 809 1713 844 fere
1736 815 1859 857 niger,

243 874 279 898 et
297 863 428 898 fasciae
453 863 547 898 (luae
573 874 793 900 transversae
817 864 958 911 fuscae,
979 878 1105 914 margo
1128 873 1247 902 tenuis
1261 867 1307 902 ab
1328 873 1378 902 eis
1394 867 1510 902 fasciis
1524 867 1570 901 ad
1587 867 1691 901 basin
1705 879 1858 914 gryseus.

243 922 382 966 Quarta
400 920 546 965 similis,
568 921 633 955 sed
652 920 768 956 fasciis
791 922 991 968 subternis,
1015 929 1188 971 marginis
1209 936 1359 972 quoque
1381 923 1520 959 latioris
1541 936 1603 958 ora
1625 923 1859 971 aliquantum

242 989 374 1024 grysea.
395 979 437 1011 In
452 976 600 1024 reliquis
614 976 746 1012 fasciae
764 988 800 1012 et
820 978 940 1013 fuscus
961 979 1066 1014 color
1080 981 1211 1015 eadem
1225 987 1368 1014 ratione
1389 990 1566 1014 crescunt.
1595 982 1675 1014 Hae
1690 985 1859 1014 rectrices

243 1033 399 1068 caudam
420 1032 616 1068 efformant
631 1034 878 1070 rotundatam.
906 1036 1093 1071 Tectrices
1108 1042 1304 1072 reetricum
1316 1042 1420 1085 apice
1436 1048 1597 1084 gryseae,
1613 1035 1728 1070 fasciis
1743 1036 1860 1071 fuscis.

315 1090 377 1123 De
396 1089 462 1123 alis
480 1102 559 1123 non
578 1090 740 1137 perfecte
760 1091 921 1135 judicare
940 1104 1089 1138 possum
1105 1120 1112 1137 ,
1128 1099 1213 1140 quia
1232 1099 1385 1140 remiges
1401 1093 1541 1127 multae
1561 1093 1714 1128 evulsae.
1738 1094 1859 1128 Prima

242 1158 368 1180 remex
395 1151 499 1194 apice
526 1151 650 1193 nigra,
680 1147 804 1181 medio
835 1146 919 1182 alba
948 1153 1061 1183 etiam
1086 1148 1236 1195 rhachi,
1270 1149 1318 1184 ad
1348 1149 1451 1185 basin
1477 1162 1604 1197 margo
1628 1155 1746 1184 tenuis
1775 1162 1860 1184 cum

242 1203 368 1237 rhachi
388 1208 499 1249 niger.
528 1202 700 1237 Secunda
720 1213 798 1238 tota
821 1202 895 1237 sere
915 1210 1039 1251 nigra,
1062 1211 1131 1240 nisi
1154 1206 1255 1255 quod
1274 1219 1401 1255 margo
1426 1207 1535 1242 latior
1553 1213 1591 1241 in
1610 1207 1734 1241 medio
1754 1206 1860 1241 albus

241 1265 307 1303 sit,
336 1269 372 1294 et
394 1257 540 1293 macula
565 1257 710 1294 linearis
734 1259 819 1294 alba
843 1259 890 1294 ad
913 1260 1076 1297 rhachin.
1104 1264 1231 1299 Tertia
1250 1263 1377 1299 similis
1401 1263 1606 1309 secundae,
1631 1264 1769 1312 absque
1782 1276 1861 1299 ma-

243 1315 324 1350 cula
348 1315 538 1350 rhacheos.
567 1315 669 1350 Alias
693 1321 848 1364 remiges
869 1323 1047 1364 primores
1070 1332 1149 1354 non
1174 1321 1257 1357 vidi.
1287 1320 1533 1357 Secundariae
1552 1327 1704 1369 remiges
1724 1327 1861 1368 nigrae,

242 1377 406 1418 margine
419 1371 548 1405 latiore
560 1372 667 1406 albae
680 1400 688 1415 ,
706 1378 743 1406 in
756 1373 897 1407 duabus
911 1376 1153 1409 anterioribus
1165 1383 1276 1410 etiam
1287 1377 1380 1411 basis
1395 1384 1566 1424 marginis
1579 1384 1752 1412 tenuioris
1764 1378 1859 1414 alba.

315 1430 427 1463 Primi
449 1427 585 1461 ordinis
602 1430 777 1462 lectrices
796 1428 923 1473 albae,
944 1435 1048 1477 apice
1067 1437 1298 1466 transversim
1318 1432 1449 1468 fuscae.
1477 1435 1607 1468 Trium
1627 1440 1859 1482 sequentium

245 1484 417 1520 ordinum
437 1489 603 1518 rectrices
625 1483 701 1518 basi
715 1496 860 1531 gryseae
874 1512 882 1529 ,
898 1491 1002 1533 apice
1017 1486 1124 1522 albae
1135 1515 1144 1532 ,
1164 1501 1228 1536 per
1244 1488 1516 1536 longitudinem
1532 1491 1710 1525 rhaclieos
1727 1498 1859 1539 nigrae.

244 1544 333 1578 Post
352 1541 416 1576 has
431 1545 594 1588 sequitur
616 1539 724 1575 fascia
743 1541 838 1576 alba.
867 1541 1066 1590 Supremae
1082 1556 1128 1578 ex
1148 1558 1275 1593 gryseo
1292 1545 1468 1594 fuscoque
1482 1553 1693 1595 variegatae.
1720 1550 1861 1583 Hume-

244 1598 337 1634 rales
366 1603 607 1633 acuminatae.
640 1597 775 1633 Subtus
801 1599 1039 1636 secundariae
1069 1607 1222 1651 remiges
1246 1609 1350 1652 apice
1377 1610 1510 1652 nigrae.
1547 1606 1759 1641 Tectricum
1786 1607 1859 1641 duo

244 1661 404 1704 supremi
423 1660 496 1691 sive
516 1654 636 1689 ultimi
660 1655 807 1691 ordines
827 1657 927 1691 susci.

316 1713 487 1747 Femoza
515 1711 588 1746 ulti
590 1724 610 1746 a
637 1724 755 1759 genua
784 1719 891 1748 unius
920 1714 1065 1763 pollicis
1089 1729 1174 1751 cum
1198 1716 1352 1752 dimidio
1382 1716 1456 1752 fere
1480 1717 1678 1755 denudata.
1719 1719 1859 1755 Tibiae

246 1774 355 1804 trium
375 1768 576 1817 pollicum3
592 1775 768 1805 crassities
788 1770 943 1806 duarum
964 1772 1144 1809 linearum
1163 1787 1249 1809 cum
1269 1774 1429 1810 dimidia.
1457 1776 1538 1823 Dig
1521 1779 1591 1811 oica·
1603 1776 1857 1825 semipalmati,

245 1825 387 1861 medius
409 1831 514 1860 unius
534 1825 680 1874 pollicis
700 1840 783 1862 curn
804 1839 930 1876 quarta
949 1840 1062 1877 parte
1105 1831 1268 1879 Ungues
1288 1838 1381 1880 nigri
1402 1832 1607 1868 brevissimi.

318 1883 442 1917 Frons
462 1883 565 1918 sulco
587 1894 750 1930 exarata,
774 1884 848 1920 lata
863 1913 872 1930 ,
895 1886 1083 1934 quadrata.

320 1939 485 1975 Multum
505 1947 677 1976 convenit
696 1942 843 1977 Frisclz.
865 1942 943 1978 cab.
964 1944 1043 1979 215.
1068 1949 1177 1980 etiam
1202 1952 1308 1982 crista
1323 1957 1410 1982 ante
1429 1960 1552 1992 aures,
1575 1957 1611 1982 et
1631 1947 1748 1983 fasciis
1769 1948 1859 1984 dua·

247 1996 314 2032 bus
337 1996 487 2032 alarum.
515 1997 588 2032 Sed
617 1998 741 2034 deficit
769 2005 868 2047 regio
894 2000 994 2036 nuda
1021 2012 1106 2050 post
1134 2002 1284 2050 oculos,
1321 2014 1358 2040 et
1385 2010 1469 2050 iris,
1502 2015 1659 2040 rostrum
1686 2018 1729 2040 ac
1748 2005 1860 2053 pedes

248 2053 420 2090 coerulei.

321 2112 451 2146 Occisa
474 2123 590 2160 prope
616 2112 902 2160 Argentoratum
924 2115 994 2150 Ao.
1021 2115 1121 2163 1773.
1146 2119 1269 2152 Junio.
1297 2119 1448 2153 Nomen
1475 2119 1520 2153 ab
1548 2124 1654 2153 initio
1685 2119 1859 2155 dederam

248 2167 482 2202 charadrius
504 2168 655 2204 ocoides
667 2184 684 2211 ,·
705 2170 790 2205 dein
805 2184 882 2206 esse
899 2172 1158 2209 charadrium
1172 2174 1424 2223 scolopacem
1440 2175 1606 2211 Gmelini
1620 2177 1859 2223 credideram,

249 2224 313 2258 sed
333 2237 411 2258 non
434 2234 497 2260 est.
