2054 2748
732 165 1179 195 AMPHIBIA.
1667 169 1749 211 239

147 263 271 288 tamen
285 250 447 286 faucibus
460 250 609 285 haerere
623 249 788 285 videatur
800 276 809 294 ,
822 261 909 283 nam
924 249 985 283 diu
1006 258 1088 296 post
1103 247 1223 282 adhuc
1243 246 1326 294 gula
1348 246 1525 283 obnititur
1539 259 1573 285 et
1588 255 1627 285 in
1642 260 1746 286 motu

148 319 219 354 est,
244 320 364 356 neque
383 307 540 342 alterum
560 306 757 355 prehendit
772 333 781 351 ,
799 317 919 352 neque
940 311 1049 340 etiam
1069 304 1251 352 lepturam
1266 302 1503 339 melanuram.

220 367 508 400 Excrementum
535 362 770 398 molliculum
802 361 1054 408 magnitudine
1084 371 1120 396 et
1150 360 1267 395 forma
1290 365 1460 408 pistaciae
1485 366 1562 395 sine
1591 362 1702 398 dubio
1726 377 1772 400 a>-

146 420 325 455 mediocri
344 430 541 455 excretum.

218 477 269 511 D.
295 492 319 511 ι.
336 476 423 512 Julii
442 477 557 511 adfuit
579 477 705 521 major.
734 474 847 510 Nulla
869 479 906 508 in
930 473 1055 508 colore
1074 483 1136 508 aut
1156 474 1284 509 habitu
1303 479 1463 522 corporis
1483 480 1650 509 mutatio,
1678 476 1749 511 Sed

148 532 303 577 luridus,
324 532 507 567 obscurus.
535 531 661 566 Oblati
680 536 796 565 onisci
816 530 945 565 decem
966 536 1108 565 circiter
1131 544 1204 565 una
1226 537 1313 566 vice.
1340 533 1427 566 Post
1445 531 1634 566 meridiem
1657 532 1750 567 nulli

147 599 402 637 apparuerunt.
436 591 516 636 Ipse
537 587 624 621 bufo
653 597 799 622 antrum
825 600 931 622 suum
958 593 1108 636 repetiit.
1141 589 1238 622 Tum
1258 587 1374 623 adfuit
1398 593 1509 622 etiam
1532 589 1726 624 mediocris
1742 618 1750 633 ,

149 656 185 680 et
207 649 469 693 quinquaginta
495 643 636 678 oblatas
658 657 800 679 muscas
828 650 922 680 intra
948 645 1060 680 horae
1085 645 1327 693 quadrantem
1354 651 1502 680 voravit.
1541 647 1750 681 Unctuosus

149 701 262 736 suerat
282 710 318 735 et
336 700 412 734 alto
436 700 544 735 dorso
564 706 603 735 in
623 701 733 748 pedes
753 701 878 737 elatus.
908 703 1033 748 Quum
1056 703 1129 748 jam
1150 702 1388 750 quadraginta
1408 713 1549 736 muscas
1574 713 1751 748 vorasset,

147 757 266 792 adhuc
295 769 406 791 unam
430 762 467 791 in
492 763 629 805 pariete
656 764 737 794 vitri
765 769 973 794 currentem
1001 765 1085 794 satis
1111 759 1252 794 elevato
1284 759 1390 803 loco,
1417 769 1658 807 prosequutus
1679 770 1751 804 est,

148 826 262 861 quum
280 813 367 847 alias
381 819 464 848 satis
484 824 576 850 esset
590 821 717 862 segnis.
746 816 1099 864 Quinquagesitnum
1115 822 1272 864 primum
1288 822 1468 850 insectum
1483 816 1584 863 quod
1605 823 1753 863 voravit,

149 869 262 905 elater
273 880 366 914 erat,
382 869 428 905 ab
444 870 518 905 hoc
529 871 719 919 aliquanto
734 871 1008 908 malehabuisse
1020 872 1231 918 videbatur,
1247 885 1333 907 nam
1349 884 1467 920 neque
1483 871 1664 920 lepturam
1679 886 1754 907 me·-

149 926 315 962 lanuram
334 939 454 975 neque
472 940 636 963 muscam
650 928 806 977 amplius
820 935 990 977 appetiit,
1004 929 1069 964 sed
1084 929 1315 976 retrogradus
1335 934 1372 962 in
1386 938 1531 963 antrum
1544 940 1581 962 se
1597 935 1753 976 recepit,

148 996 319 1018 somnum
339 984 582 1017 meridianum
613 995 782 1031 capturus
805 995 841 1019 et
864 986 1057 1031 digestioni
1077 994 1279 1019 vacaturus.

219 1039 268 1073 D.
287 1038 316 1073 3.
337 1037 410 1073 Jul.
426 1038 621 1073 mediocris
636 1039 696 1074 hic
711 1052 830 1074 rursus
849 1040 965 1075 adfuit
982 1069 989 1085 ,
1013 1040 1194 1075 subuncto
1217 1052 1383 1087 corpore.
1410 1043 1453 1075 In
1468 1040 1583 1075 altum
1603 1041 1755 1077 adscen-

149 1096 235 1130 dere
253 1094 300 1128 ad
325 1099 501 1141 parietem
521 1099 603 1129 vitri
626 1100 733 1128 nisus.
760 1096 865 1128 Odor
882 1095 1016 1128 nullus.
1044 1095 1259 1128 Duodecim
1279 1101 1410 1129 voratis
1431 1101 1583 1140 muscis,
1612 1097 1754 1132 duobus

148 1150 316 1186 attelabis
337 1155 504 1197 apiariis,
527 1159 685 1197 quatuor
708 1149 859 1198 lepturis
878 1150 1095 1195 melanuris,
1121 1150 1209 1185 duas
1232 1150 1320 1185 alias
1344 1152 1523 1198 projectas
1548 1152 1754 1189 melantii-as

150 1221 228 1242 non
245 1206 401 1255 amplius
424 1219 548 1241 curare
565 1211 659 1243 visus
674 1217 736 1242 est.
764 1208 940 1242 Minimus
960 1212 1092 1255 pariter
1114 1207 1230 1242 adfuit
1249 1207 1393 1243 inflatus
1413 1218 1449 1242 et
1470 1214 1599 1244 nitens.
1632 1212 1754 1246 Unam

149 1269 288 1300 voravit
304 1276 478 1297 muscam.
506 1265 703 1311 Lepturam
722 1276 913 1312 nunquam
932 1264 1079 1312 aggredi
1100 1270 1259 1299 tentavit.
1287 1264 1393 1299 Alter
1410 1264 1472 1299 ille
1491 1265 1632 1301 medius
1647 1280 1755 1315 saepe

149 1327 222 1356 visa
241 1320 376 1369 praeda
397 1320 511 1367 digito
528 1330 798 1366 postremorum
816 1320 955 1368 pedum
971 1327 1109 1355 extimo
1124 1331 1160 1356 et
1176 1326 1346 1369 proximo
1364 1320 1419 1356 illi
1434 1321 1646 1368 longissimo
1667 1336 1756 1360 con-

149 1382 296 1413 tremuit
318 1375 490 1422 singulari
509 1375 623 1409 modo
647 1381 847 1410 incurvato,

220 1433 271 1467 D.
293 1432 323 1466 5.
343 1430 432 1466 Julii
452 1430 593 1465 medius
610 1429 735 1465 adfuit.
764 1431 978 1465 Duodecim
997 1444 1159 1477 muscas,
1187 1438 1283 1468 inter
1309 1445 1397 1480 quas
1421 1444 1579 1481 quatuor
1596 1442 1755 1472 vomito-

149 1496 242 1533 riae,
264 1487 404 1531 hausit,
427 1487 571 1535 aliquot
597 1486 757 1534 lepturas
777 1487 1003 1534 melanuras,
1025 1488 1116 1523 duos
1140 1488 1322 1524 attelabos
1344 1496 1509 1537 apiarios.

219 1543 401 1580 Postridie
427 1543 545 1589 major
571 1552 642 1577 tres
670 1555 812 1578 muscas
835 1549 1046 1580 vomitorias
1075 1551 1224 1581 voravit.
1261 1546 1441 1595 Apparuit
1469 1553 1505 1581 in
1526 1554 1618 1583 vitro
1638 1562 1755 1585 scara-

150 1602 261 1636 baeus
282 1599 468 1644 fasciatus,
496 1605 620 1634 nescio
640 1613 688 1635 an
715 1613 832 1635 rursus
857 1602 1031 1647 rejectus,
1054 1615 1102 1637 an
1128 1615 1220 1637 unus
1244 1615 1290 1638 ex
1316 1604 1639 1651 praecedentibus,
1665 1620 1756 1655 quos

151 1659 424 1693 detrectaverat.
452 1656 627 1704 Neglexit
647 1670 752 1703 eum,
773 1658 838 1693 sed
859 1670 972 1706 quum
991 1670 1154 1693 muscam
1170 1665 1403 1694 vomitoriam
1423 1659 1637 1706 objecissem
1651 1692 1659 1707 ,
1675 1663 1757 1698 illa-

151 1727 222 1763 que
242 1725 358 1762 prope
386 1713 622 1747 scarabaeum
649 1713 749 1750 hunc
778 1725 957 1760 curreret,
987 1716 1150 1763 projecta
1176 1715 1299 1764 lingua
1326 1716 1384 1751 hic
1407 1730 1427 1752 a
1451 1717 1587 1752 bufone
1611 1720 1756 1756 haustus

151 1781 224 1815 est,
245 1770 309 1805 sed
328 1775 458 1804 misere
480 1775 584 1805 torsit
603 1782 640 1804 se
662 1780 698 1805 et
717 1770 802 1818 gula
822 1770 1010 1807 laboravit.
1038 1773 1193 1807 Voratus
1213 1773 1334 1808 adhuc
1353 1773 1452 1809 alter.
1481 1775 1555 1810 Sed
1576 1776 1664 1811 duas
1680 1777 1757 1825 lep-

152 1838 247 1863 turas
269 1832 448 1861 continuo
476 1837 561 1862 ante
591 1827 720 1862 oculos
753 1839 937 1864 currentes
963 1841 1040 1864 non
1069 1832 1215 1864 curavit.
1245 1831 1400 1865 Voratus
1432 1843 1580 1880 quoque
1608 1834 1755 1869 carabus

151 1885 368 1928 mediocris,
396 1883 661 1932 scolopendra,
684 1895 722 1921 et
751 1891 864 1920 onisci
897 1897 1042 1921 novem.
1080 1886 1177 1920 Tum
1206 1892 1373 1922 immissis
1398 1888 1505 1923 simul
1529 1895 1661 1924 oniscis
1683 1890 1756 1925 fere

153 1947 320 1988 triginta,
342 1940 488 1990 illisque
513 1942 676 1990 undique
701 1956 807 1991 supra
833 1955 964 1990 corpus
994 1942 1300 1989 discurrentibus,
1319 1944 1433 1979 modo
1464 1958 1541 1979 non
1566 1952 1702 1981 curavit
1721 1957 1756 1981 et

153 1997 372 2045 tranquillus
393 2004 549 2043 mansit,
574 1999 689 2034 modo
712 1999 866 2048 pedibus
885 1999 1128 2034 anterioribus
1151 2001 1486 2050 posterioribusque
1509 2002 1639 2051 abegit.
1676 2004 1755 2037 Dc-

152 2066 254 2088 mum
273 2064 456 2102 pertaesus
476 2055 609 2090 horum
628 2066 668 2092 ut
690 2056 882 2092 videbatur
907 2056 1032 2091 fodere
1059 2063 1180 2105 coepit
1204 2057 1358 2106 pedibus
1376 2059 1617 2094 anterioribus
1637 2058 1756 2095 valide

154 2120 189 2144 et
213 2109 400 2155 celeriter,
424 2124 534 2160 seque
553 2112 796 2148 abscondidit.

226 2166 354 2202 Adfuit
375 2168 483 2202 simul
509 2170 650 2205 medius
676 2176 738 2219 qui
768 2179 890 2206 vorata
918 2169 1085 2204 sorficula
1105 2179 1142 2206 et
1161 2170 1303 2219 aliquot
1332 2178 1463 2207 muscis
1482 2177 1602 2206 statim
1627 2184 1664 2207 se
1689 2168 1759 2208 ali--

153 2222 346 2257 scondidit.

1414 2284 1474 2317 Fs
1495 2297 1515 2318 2
