2054 2748
238 192 291 220 20
595 182 1068 214 OBSERVATIONES
1117 181 1472 210 ZOOLOGICAE.

332 276 372 309 In
406 271 555 307 maxilla
588 270 758 305 inferiore
789 269 917 303 dentes
951 269 1123 301 incisores
1151 276 1332 314 quatuor,
1359 269 1527 309 minimi,
1560 269 1620 299 vix
1648 270 1846 313 conspicui.

335 333 466 364 Canini
496 329 569 363 dno
594 333 745 362 maximi
771 332 865 360 111161·
887 330 1066 359 maximos
1086 334 1123 359 et
1141 329 1303 358 minores
1325 321 1498 357 maxillae
1519 327 1712 370 superioris
1736 328 1847 358 susci-

334 386 469 435 piendi.
498 384 660 420 Molares
680 389 842 432 quinque
863 381 920 418 vel
944 394 1017 416 sex.

383 443 500 478 Aures
525 453 679 488 magnae
695 468 703 483 ,
731 449 885 485 acutae,
907 439 1052 484 nudae,
1076 437 1154 473 basi
1180 447 1325 474 tantum
1352 435 1492 485 pil-osae
1513 463 1521 482 ,
1547 441 1650 484 apice
1677 435 1850 472 nonnihil

337 499 478 534 deflexo
505 503 605 546 quasi
627 495 792 531 falcatae.
1060 487 1067 492 ’

387 556 491 591 Odor
509 553 627 589 11161115
647 558 814 588 recentis.

420 663 852 707 BRADYPUS
903 660 1449 705 DIDACTYLUS.
1509 661 1680 704 LINN.

314 764 475 798 DENTES
496 761 667 797 laniarios
687 766 723 796 in
751 763 807 796 Er.
833 759 1020 806 didactylo
1045 771 1280 808 nequaquam
1303 758 1476 804 obtusos,
1500 759 1563 794 sed
1585 770 1702 806 aeque
1725 768 1852 793 acutos

240 833 280 855 ac
302 826 337 854 in
360 819 461 864 seris,
487 819 617 866 longos
631 847 639 860 ,
659 817 738 853 basi
758 818 864 852 valde
886 817 978 852 latos
991 845 999 861 ,
1019 816 1255 864 triangulares
1278 821 1439 864 reperio,
1459 827 1495 851 et
1517 816 1668 864 quidem
1689 821 1853 864 superio-

240 891 294 911 res
313 877 359 911 ab
378 876 608 911 inferioribus
622 875 804 921 inclusos,
822 874 923 923 quod
938 886 1039 909 secus
1057 886 1094 909 se
1108 872 1221 908 habet
1240 878 1278 907 in
1295 872 1375 907 aliis
1389 872 1609 907 animalibus
1624 871 1855 915 primatibus,

240 933 405 981 ferisque.

314 992 465 1037 Ungues
489 995 537 1024 ita
559 995 718 1033 curvati,
749 989 883 1038 talique
904 988 950 1024 ad
969 1000 1101 1036 corpus
1122 986 1253 1022 habitu
1268 1015 1276 1031 ,
1299 997 1339 1022 ut
1355 986 1493 1021 animal
1515 995 1647 1034 sponte
1663 998 1726 1022 sua
1746 991 1856 1020 etiam

240 1057 323 1096 post
348 1057 506 1081 mortem
532 1057 566 1081 et
590 1047 702 1082 fascia
726 1046 845 1094 pelle,
868 1045 1005 1093 ubique
1030 1044 1136 1079 facile
1162 1056 1378 1092 suspensum
1404 1042 1555 1077 haerere
1575 1048 1698 1090 possit.

314 1106 355 1138 In
375 1116 459 1138 meo
481 1104 617 1140 seeleto
642 1109 762 1140 trunci
782 1104 857 1151 jam
881 1112 965 1138 ante
982 1104 1177 1138 Cuvierum
1196 1099 1380 1137 vertebrae
1400 1099 1489 1135 colli
1512 1112 1648 1136 novem
1663 1112 1683 1135 a
1703 1111 1763 1134 me
1789 1097 1856 1134 ob-

241 1171 401 1197 servatae
425 1158 518 1197 sunt.

314 1296 422 1330 Meus
442 1295 525 1343 pilis
543 1295 671 1340 fuscis,
694 1296 771 1330 basi
793 1295 884 1330 albis
898 1323 907 1340 ,
933 1295 1012 1329 aliis
1034 1301 1120 1330 totis
1140 1294 1253 1337 albis,
1276 1303 1317 1328 ut
1335 1299 1373 1327 in
1395 1293 1524 1335 dorso,
1553 1304 1630 1326 non
1648 1291 1834 1326 undulatis
1849 1319 1858 1337 ,

242 1351 306 1386 sed
328 1358 554 1397 compressis.
582 1352 652 1386 Pili
672 1352 797 1395 densi,
820 1351 938 1396 longi,
964 1361 1003 1386 ut
1024 1351 1159 1386 vellere
1177 1356 1223 1384 sit
1239 1349 1313 1384 fere
1333 1355 1467 1384 ursino.
1495 1348 1694 1383 Auriculae
1714 1348 1768 1382 1111
1788 1354 1854 1382 1111-

242 1420 310 1442 11115
330 1418 440 1454 quam
466 1417 643 1452 magnae,
672 1405 736 1438 sed
755 1404 822 1438 sub
843 1404 958 1437 denso
987 1402 1178 1449 longoque
1202 1401 1338 1436 vellere
1359 1401 1619 1447 absconditae,
1644 1412 1680 1437 et
1703 1402 1770 1438 sub
1790 1403 1858 1438 illo

244 1469 355 1498 etiam
377 1471 495 1497 tactae
521 1461 645 1496 breves
668 1466 803 1508 utique.

318 1519 419 1554 Pilos
439 1520 494 1554 ΒΓ.
516 1517 698 1563 11’1(1ε101)·11
723 1517 876 1552 observo
900 1515 977 1550 basi
998 1520 1203 1559 tenuiores,
1232 1515 1354 1550 medio
1380 1514 1658 1564 complanatos,
1682 1521 1721 1551 in
1742 1522 1860 1565 cuspi-

246 1576 331 1612 dem
355 1574 585 1623 graciliorem
604 1575 830 1617 desinentes;
850 1572 1016 1621 plerique
1036 1582 1120 1607 sunt
1144 1571 1221 1606 basi
1244 1578 1358 1620 nigri,
1385 1579 1489 1621 apice
1511 1572 1583 1607 albi
1601 1601 1609 1617 ,
1629 1584 1713 1609 sunt
1735 1584 1861 1609 tamen

247 1638 357 1668 etiam
379 1637 445 1666 toti
469 1637 581 1679 nigri,
603 1637 705 1680 apice
725 1630 812 1666 albi.
839 1630 900 1664 Ad
924 1629 1019 1664 latus
1039 1634 1176 1663 curvati
1203 1641 1240 1663 se
1260 1640 1388 1664 mutuo
1410 1630 1612 1665 decussant.

319 1692 457 1725 Mirum
478 1689 578 1738 quod
600 1689 821 1724 Schreberus
841 1687 894 1722 nil
914 1687 1011 1722 dicat
1031 1687 1077 1721 de
1104 1692 1281 1734 unguium
1304 1687 1559 1734 magnitudine
1587 1697 1622 1723 et
1646 1687 1861 1723 fortitudine

246 1748 464 1796 prodigiosa.
492 1747 577 1782 Vidi
597 1753 784 1795 specimen
808 1745 941 1780 fartum
960 1756 1107 1779 musaeo
1131 1743 1398 1778 Manhemiano
1418 1744 1659 1789 destinatum,
1680 1750 1861 1792 magnitu-

247 1805 333 1840 dine
355 1804 551 1839 mediocris
573 1810 696 1849 canis,
728 1809 787 1838 cui
809 1808 938 1850 unguis
965 1800 1039 1836 fere
1064 1801 1158 1836 adeo
1187 1813 1339 1848 mugnus
1364 1813 1406 1836 ac
1433 1811 1591 1836 rostrum
1610 1801 1859 1849 Rhamphasti.

247 1863 353 1897 Nova
374 1860 495 1896 forsan
515 1866 662 1909 species.

322 1920 494 1953 Immanis
514 1917 778 1965 magnitudinis
793 1929 933 1964 ungues
953 1921 1056 1951 variis
1072 1914 1246 1950 fabulosis
1266 1914 1477 1949 nominibus
1497 1914 1668 1950 videntur
1688 1914 1778 1950 olim
1792 1921 1861 1950 cii*-

249 1974 401 2010 cumlati
421 1974 537 2009 fuisse.
567 1975 626 2009 Sic
656 1974 878 2009 Ratisbonae
906 1979 1001 2007 inter
1028 1971 1199 2020 reliquias
1226 1982 1434 2007 monstrant
1457 1984 1618 2019 unguem
1642 1985 1730 2007 auro
1752 1985 1860 2007 orna-

253 2042 351 2076 tum,
377 2043 488 2079 quem
509 2030 652 2078 Gryphi
671 2044 746 2065 esse
771 2030 908 2064 dicunt.
949 2030 1009 2064 De
1038 2041 1112 2076 quo
1139 2040 1266 2077 argute
1296 2035 1380 2064 satis
1409 2028 1472 2063 illa
1501 2028 1636 2063 femina
1665 2034 1862 2077 quaesivit,

251 2101 298 2123 an
315 2086 377 2122 ille
394 2087 564 2135 Gryphus
586 2097 675 2121 esset
690 2099 735 2121 ex
750 2096 961 2121 sanctorum
984 2098 1149 2120 numero.
1171 2089 1297 2121 Cornu
1317 2085 1442 2120 bubali
1458 2099 1533 2121 esse
1552 2092 1693 2134 scripsit
1713 2084 1863 2120 501111θῖ-

252 2144 346 2179 serus
365 2143 639 2178 Ratisbonensis
659 2144 820 2178 medicus
836 2145 1012 2190 Principis
1027 2156 1048 2177 a
1064 2144 1180 2179 Turre
1198 2145 1370 2190 etTaxiS,
1391 2146 1490 2192 1798.
1511 2143 1621 2179 Haud
1640 2149 1755 2191 magis
1769 2142 1863 2178 sorte

255 2213 369 2237 vernn
387 2211 441 2239 est
465 2213 576 2250 quam
598 2200 692 2237 illud
716 2205 848 2237 summi
868 2205 981 2235 nostri
1006 2199 1143 2248 templi,
