2054 2748
233 138 317 190 224
618 135 1058 172 OBSERVATIONES
1101 134 1448 164 ZOOLOG1CAE.

310 231 441 277 Caput
467 238 667 276 magnum,
699 222 919 270 triangulare
940 249 949 266 ,
979 225 1250 263 acuminatum3
1281 216 1497 252 mandibula
1523 222 1688 265 superior
1719 214 1845 251 leviter

234 288 388 323 adunca.
409 286 589 334 Aper-tura
609 280 766 317 clausilis
784 289 880 314 retro
896 284 1038 326 apicem
1053 277 1200 324 linguae
1219 281 1329 310 trium
1344 274 1525 309 linearum
1543 273 1657 308 modo
1680 272 1726 308 ab
1741 278 1845 321 apice

236 346 416 381 distantia.
445 345 617 377 Granium
646 336 794 386 papillis
821 336 919 371 duris
952 344 1226 384 exasperatum,
1256 332 1397 367 collum
1425 341 1624 367 transverse
1652 342 1846 378 rugosum,

236 401 383 451 papillis¹
402 398 586 434 mollibus.

309 457 436 492 Pedes
455 458 652 490 anteriores
672 450 847 499 palmati,
868 449 989 497 digitis
1004 453 1167 497 quinque
1182 446 1365 495 unguibus
1384 450 1561 491 incurvis,
1583 443 1684 490 latis,
1699 443 1846 480 obtusis.

236 514 355 550 Pedes
377 516 593 561 posteriores
618 506 803 553 similiter,
829 506 943 554 digito
967 511 1097 554 quinto
1120 511 1271 540 mutico.

315 569 452 605 Gauda
476 566 609 613 longa,
635 563 775 599 duabus
794 568 908 598 tertiis
930 568 1042 598 totius
1057 571 1192 608 testae,
1217 560 1337 598 valida
1351 588 1360 606 ,
1377 564 1529 603 conica,
1549 558 1597 593 ad
1614 557 1719 593 basin
1733 569 1850 592 crassa

238 633 404 676 quintam
428 623 501 657 fere
528 632 671 670 partem
693 619 958 668 longitudiniS,
984 632 1092 668 supra
1120 617 1319 654 tuberculis
1351 623 1424 652 sive
1450 621 1610 664 squamis
1638 620 1746 650 osseis
1775 613 1850 648 ele-

239 689 327 720 vatis
350 691 546 717 retrorsum
567 678 688 724 flexis,
723 677 883 721 obtusis,
911 681 1046 711 sensim
1076 675 1371 721 durescentibus,
1401 684 1557 709 numero
1588 677 1732 707 circiter
1758 671 1851 706 duo-

241 742 368 776 decim.
398 736 458 773 Ab
478 745 637 784 utroque
656 735 770 770 latere
788 740 894 769 series
910 733 1076 778 brevior,
1098 738 1258 782 squamis
1272 730 1475 767 minoribus
1495 734 1638 764 circiter
1654 740 1726 763 sex.
1745 729 1853 776 Apex

240 805 467 840 attenuatus,
487 793 612 828 mollis
628 821 637 838 ,
661 792 788 827 subtus
807 796 966 840 squamis
987 790 1130 839 planis,
1151 789 1224 824 sere
1240 799 1282 825 ut
1299 794 1338 823 in
1357 786 1517 823 colubris
1537 784 1669 820 bifidis.
1696 784 1852 832 Reliqua

241 859 332 889 cutis
351 850 579 888 tuberculata
603 848 803 885 tuberculis
825 847 1011 883 mollibus.

312 912 463 948 Dicitur
487 907 644 943 mordax
669 919 754 942 esse.
782 908 946 941 Incessus
969 904 1101 940 lentus,
1137 902 1303 938 Caudam
1322 898 1507 947 extendit,
1530 911 1609 935 non
1631 897 1754 933 flectit.

315 1064 400 1099 Alia
422 1063 569 1098 testudo
583 1089 592 1107 ‚
612 1073 697 1096 cum
715 1060 954 1108 praecedenti
973 1060 1104 1104 allata,
1125 1069 1219 1093 testa
1241 1065 1349 1091 ovata
1373 1060 1495 1090 antice
1520 1053 1650 1089 obtuse
1677 1058 1858 1102 quinque-

244 1122 415 1165 dentata,
441 1120 553 1154 dente
572 1116 791 1152 intermedio
813 1121 976 1158 minore,
1001 1119 1142 1163 postice
1166 1113 1295 1148 obtuse
1314 1110 1617 1156 decemdentata‚
1637 1109 1805 1145 dentibus
1819 1115 1860 1146 in

243 1177 387 1225 singula
405 1175 559 1211 scutella
581 1174 724 1209 duobus
740 1171 983 1208 anterioribus
1002 1170 1274 1215 remotioribus,
1293 1168 1448 1204 scutella
1467 1167 1588 1203 media
1607 1173 1702 1215 rugis
1718 1173 1859 1215 postice

245 1233 553 1281 convergentibus
577 1231 699 1265 medio
722 1242 852 1279 parum
875 1234 1059 1272 carinata3
1090 1226 1246 1262 scutella
1268 1231 1374 1261 seriei
1398 1224 1556 1261 lateralis
1580 1230 1678 1271 rugis
1697 1223 1860 1271 longitu-

246 1290 429 1327 dinalibus
453 1287 724 1337 angustioribus
747 1284 1035 1335 copiosioribus;
1065 1283 1170 1319 color
1196 1282 1341 1328 fuscus;
1370 1281 1489 1317 lineae
1512 1291 1734 1317 transversae
1756 1280 1863 1316 albae

246 1358 337 1392 tres,
361 1347 483 1381 media
506 1350 776 1393 conspicatiore
793 1358 801 1387 3
824 1343 950 1377 subtus
967 1341 1159 1383 flavican53
1183 1339 1339 1375 scutella
1354 1339 1573 1382 duodecim,
1591 1343 1697 1372 tertia
1718 1347 1862 1385 quarta·

248 1417 319 1453 que
347 1408 574 1451 superiorem
601 1409 816 1443 anectente‚
840 1397 1050 1432 antrorsur'n
1076 1402 1243 1442 integra3
1278 1395 1391 1429 dente
1418 1393 1560 1429 laterali
1583 1393 1727 1428 scutelli
1753 1399 1862 1441 primi

248 1465 428 1495 exteriore
454 1457 610 1501 obtuso,
634 1461 775 1504 postice
796 1453 951 1489 scutella
979 1453 1110 1488 leniter
1133 1456 1360 1499 emarginata
1378 1449 1516 1498 angulo
1538 1449 1796 1494 obtusissim03
1822 1456 1862 1486 in

248 1515 411 1553 scutellis
435 1512 696 1561 marginalibus
723 1512 848 1547 subtus
874 1517 912 1545 in
942 1509 1111 1558 quolibet
1138 1508 1283 1543 macula
1308 1513 1410 1554 nigra
1440 1518 1561 1542 versus
1586 1505 1862 1542 commissuram

249 1578 489 1623 posteriorem
503 1599 512 1616 ,
536 1569 661 1605 similis
679 1574 718 1603 in
737 1578 895 1616 quatuor
914 1565 1077 1601 scutellis
1102 1564 1320 1600 ster-natibus
1339 1563 1581 1598 anterioribus
1597 1591 1606 1608 ,
1626 1569 1677 1598 sic
1697 1573 1732 1598 et
1751 1569 1789 1598 in
1808 1570 1864 1598 in-

250 1629 431 1666 tetmedio
460 1626 617 1662 scutello
647 1632 829 1660 anteriore
853 1634 890 1659 et
920 1627 1122 1672 posteriorc
1145 1627 1242 1657 inter
1269 1631 1433 1656 sternum
1457 1631 1494 1656 et
1518 1620 1684 1655 lateralia
1710 1620 1864 1656 scutella

252 1685 485 1723 intermedio.

324 1745 476 1790 Ungues
496 1745 720 1776 anteriorum
742 1737 881 1787 pedum
902 1736 1028 1784 longi,
1053 1741 1214 1779 incurvi,
1236 1740 1410 1783 quinque.
1445 1734 1561 1770 Pedes
1589 1733 1804 1781 collumque
1828 1743 1865 1770 et

252 1798 468 1835 mandibula
498 1803 661 1846 superior
688 1796 793 1831 lineis
821 1795 919 1830 llavis
947 1798 1046 1842 picti.
1089 1792 1207 1827 Pedes
1230 1798 1452 1840 posteriores
1478 1791 1657 1840 palmati,
1681 1790 1864 1838 unguibus

253 1855 488 1892 brevioribus.
528 1854 654 1890 Gauda
683 1853 826 1899 brevls,
855 1863 1001 1899 semper
1022 1849 1157 1885 inflexa
1182 1849 1230 1884 ad
1256 1850 1362 1885 latus.
1408 1851 1572 1885 Incessus
1591 1847 1699 1884 celer.
1744 1850 1863 1896 Caput

257 1919 437 1963 exiguum.

329 2013 414 2049 Alia
437 2011 562 2048 similis
585 2012 724 2058 major,
752 2019 843 2046 testa
867 2007 1003 2044 dorsali
1026 2017 1063 2042 et
1085 2006 1239 2056 pedibus
1262 2019 1340 2042 non
1367 2006 1551 2042 coloratis.

330 2149 455 2183 Tertia
479 2146 629 2192 eadem,
649 2151 686 2181 in
704 2145 859 2181 scutello
879 2150 998 2194 primo
1022 2153 1059 2179 et
1080 2143 1242 2178 secundo
1263 2140 1406 2177 laterali
1428 2140 1611 2176 maculam
1631 2140 1743 2175 habet
1759 2140 1868 2189 palli·

259 2205 352 2241 dam.
378 2207 421 2242 Iu
439 2203 606 2242 sternalis
626 2209 719 2239 scuti
737 2202 974 2238 solummodo
990 2200 1232 2237 anterioribus
1247 2198 1397 2236 scutulis
1411 2197 1596 2234 maculam
1611 2197 1735 2245 habet,
1755 2197 1868 2234 aliam
