2054 2748
715 178 1167 209 AMPHIBIA.
1658 170 1741 227 245

135 266 225 302 dens
245 269 358 313 magis
376 272 537 300 erectum
557 275 689 313 corpus
709 273 818 300 tenet.
845 263 1039 311 Deglutita
1063 275 1186 299 musca
1203 272 1318 312 eaque
1338 269 1566 302 transversim
1586 267 1680 303 forte
1700 272 1740 303 in

135 323 298 358 faucibus
320 322 518 367 haerente,
544 322 669 357 multis
689 321 797 370 gulae
818 320 1071 355 moliminibus
1091 321 1263 369 deglutit,
1291 331 1327 358 et
1340 328 1367 357 si
1387 334 1450 370 pes
1464 334 1525 358 aut
1544 324 1600 358 ala
1616 324 1740 359 adhuc

134 385 341 428 promineat
368 378 522 427 pedibus
549 384 733 414 succurrit.
761 378 877 426 Saepe
905 377 1039 412 accidit
1066 389 1104 414 ut
1127 388 1243 414 terrae
1271 385 1457 427 portiones
1482 390 1543 414 aut
1569 386 1740 428 graminis

133 435 264 470 foliola
283 435 392 470 simul
411 441 578 484 arripiat,
599 448 692 484 quae
714 447 793 469 non
807 439 929 470 statim
950 435 1079 480 ejicere
1101 445 1137 470 et
1160 446 1331 472 excutere
1355 436 1459 473 valet.
1487 439 1570 471 Hoc
1588 442 1624 471 in
1645 447 1740 473 statu

134 498 198 541 qui
218 493 405 538 viderunt,
425 499 504 528 sine
533 492 644 527 dnbio
673 492 807 540 plantis
833 497 929 527 vesci
951 501 1014 526 aut
1035 501 1128 527 terra
1155 493 1335 529 dixerunt.
1362 495 1410 529 Et
1430 495 1506 540 jam
1526 493 1620 529 bene
1639 504 1740 542 pasta

134 559 217 598 post
232 549 344 585 horae
357 560 420 585 aut
437 548 673 597 sesquihorae
691 554 849 598 spatium
870 561 990 584 rursus
1011 561 1048 583 se
1072 549 1315 586 abscondidit.

207 608 256 642 D.
278 620 328 642 12.
343 609 437 642 Nov.
458 612 591 641 iterum
605 612 677 642 visa
690 634 699 651 ,
721 619 794 641 una
813 617 875 642 aut
895 606 1008 642 altera
1028 618 1087 641 esa
1107 619 1232 642 musca
1254 612 1410 643 evanuit.

206 663 282 697 Die
300 675 356 697 22.
375 664 470 697 Nov.
494 662 758 698 thermometro
782 664 1036 705 Reaum..10½
1057 664 1187 712 gradus
1210 677 1317 713 supra
1338 664 1494 712 glaciem
1519 671 1742 712 constituto,

135 731 229 768 quae
248 724 440 767 temperies
458 718 532 754 fere
552 720 695 768 aliquot
716 720 842 755 diebus
869 731 954 756 ante
975 733 1125 769 quoque
1145 720 1283 767 suerat,
1308 732 1399 756 terra
1427 727 1466 756 in
1489 735 1559 770 qua
1580 734 1616 757 se
1638 722 1741 758 defo—

134 776 257 821 derat,
278 781 386 810 nimis
409 781 504 812 sicca
528 776 622 812 mihi
643 783 739 823 visa,
766 777 885 813 infudi
905 783 1106 813 successive
1124 791 1240 827 aquae
1260 778 1426 827 phiolam
1446 784 1597 815 vitream
1619 780 1743 828 vulga-

133 845 211 867 rem
242 839 431 880 integram.
470 835 553 880 Qua
583 847 622 869 re
646 844 854 869 commotus
879 834 966 869 bufo
992 844 1076 883 post
1104 835 1217 870 horae
1243 841 1401 884 spatium
1429 842 1619 884 apparuit,
1649 847 1746 873 totus

133 889 303 925 madidus
335 900 372 925 et
402 901 519 926 terrae
549 891 744 927 moleculis
770 891 1056 927 adhaerentibus
1090 892 1279 938 sordidus,
1309 893 1371 941 adq
1392 893 1618 941 crepidinem
1645 901 1746 943 putei

135 959 247 995 quem
278 947 449 983 exeundo
483 947 702 984 formaverat
733 958 770 984 et
800 950 901 995 cujus
931 955 1088 996 parietes
1114 961 1151 982 se
1178 955 1433 984 sustinuerant.
1469 950 1571 984 Dedi
1603 950 1748 998 aliquot

136 1009 280 1038 oniscos
295 1015 502 1037 muscarum
523 1004 688 1049 deFectu,
713 1017 805 1052 quos
824 1005 937 1052 paulo
956 1010 1115 1052 ineptius
1134 1003 1312 1051 ligurivit,
1336 1014 1375 1039 ut
1394 1017 1470 1039 non
1491 1017 1687 1054 occuparet
1711 1017 1749 1044 et

134 1069 266 1095 terram
287 1072 436 1108 quoque
455 1059 657 1108 aliquando
679 1074 745 1108 pro
774 1067 913 1095 insecto
943 1060 1198 1106 prehenderet.
1235 1062 1337 1093 Haec
1358 1073 1477 1094 mane.
1507 1064 1611 1096 Circa
1636 1070 1747 1098 meri-

135 1116 235 1152 diem
258 1121 297 1150 in
312 1115 491 1150 foramine
511 1115 570 1151 vel
589 1125 702 1163 puteo
724 1121 792 1150 isto
812 1127 849 1149 se
864 1113 1098 1149 abscondidit
1119 1119 1168 1149 ita
1195 1124 1235 1149 ut
1260 1127 1299 1149 os
1327 1127 1508 1150 summam
1529 1129 1632 1152 oram
1652 1121 1747 1165 ejus-

134 1173 221 1209 dem
239 1178 444 1220 attingeret.
472 1173 632 1222 Vespera
651 1171 724 1207 alio
751 1171 837 1207 loco
863 1183 900 1207 se
921 1183 1040 1206 rursus
1060 1175 1099 1205 in
1120 1180 1253 1207 terram
1277 1171 1418 1209 defodit
1437 1183 1473 1210 et
1496 1172 1597 1210 haud
1615 1178 1748 1224 procul

135 1243 155 1266 a
174 1228 363 1278 superficie
383 1228 510 1265 haesit.

207 1288 258 1321 D.
278 1292 310 1329 4.
329 1286 423 1321 Dee.
444 1285 710 1323 thermometro
732 1288 882 1323 Reaum.
912 1301 949 1322 11
973 1287 1103 1335 gradus
1126 1300 1233 1336 supra
1253 1287 1588 1335 conglaciationem
1612 1297 1746 1339 positO,

135 1355 255 1379 rursus
274 1348 368 1388 visa,
397 1343 492 1378 adeo
517 1344 643 1379 colore
671 1351 773 1379 omni
796 1350 945 1392 proprio
967 1350 1105 1392 privata
1124 1355 1161 1379 et
1180 1349 1361 1390 nigricans
1378 1372 1386 1388 ,
1410 1355 1450 1379 ut
1470 1352 1538 1380 nisi
1564 1354 1748 1383 novissem

135 1400 254 1449 qualis
273 1409 385 1444 esset,
414 1399 513 1434 haud
536 1406 775 1446 agnovissem.
803 1402 941 1434 Muscis
966 1409 1002 1433 et
1023 1405 1175 1444 oniscis,
1198 1400 1328 1447 quibus
1354 1409 1477 1435 tamen
1504 1406 1542 1436 in
1563 1405 1748 1450 capiendis

134 1457 181 1492 ab
202 1461 306 1492 initio
329 1455 520 1503 aliquanto
542 1454 726 1490 infelicior
749 1455 836 1500 fuit,
860 1461 963 1503 quasi
991 1455 1128 1491 temula
1155 1455 1341 1502 insiliens,
1368 1470 1445 1492 non
1463 1457 1558 1493 bene
1582 1471 1748 1508 reputata

136 1525 260 1549 secum
284 1513 455 1547 distantia
470 1540 478 1556 ,
510 1522 551 1547 nt
569 1511 703 1547 multas
734 1524 813 1546 non
840 1521 1007 1559 caperet,
1034 1521 1097 1546 aut
1115 1517 1174 1547 vix
1197 1512 1311 1548 altera
1335 1520 1498 1562 corporis
1518 1523 1749 1554 extremitate

136 1569 401 1619 prehenderet,
424 1567 563 1603 affatim
582 1578 703 1616 pasta,
727 1568 860 1603 eodem
883 1568 941 1603 die
961 1580 1080 1603 rursus
1105 1575 1260 1605 evanuit.

209 1628 332 1661 Latuit
350 1631 401 1660 ita
420 1638 535 1673 usque
554 1631 593 1660 in
608 1637 746 1660 annum
761 1634 979 1673 sequentem
1003 1636 1103 1671 1791.
1118 1625 1181 1660 ubi
1198 1626 1232 1661 d.
1252 1626 1307 1662 26.
1324 1627 1440 1675 April.
1458 1641 1571 1676 quum
1590 1643 1750 1678 praecox

138 1693 176 1719 et
193 1682 356 1718 calidum
378 1694 439 1718 ver
457 1691 569 1727 esset,
591 1687 741 1717 miratus
766 1694 848 1716 eam
872 1694 950 1716 non
979 1693 1181 1729 emergere,
1215 1682 1330 1717 ollam
1354 1689 1391 1717 in
1417 1697 1488 1732 qua
1510 1685 1668 1732 latebat,
1692 1695 1749 1724 1η-

137 1745 247 1784 verti,
269 1744 357 1774 etin
374 1738 488 1773 fundo
509 1744 626 1786 reperi
647 1744 685 1772 in
705 1744 859 1773 cavitate
875 1748 990 1773 terrae
1010 1751 1118 1786 super
1137 1738 1246 1773 dorso
1267 1739 1476 1776 cubantem.
1505 1744 1593 1778 Post
1607 1745 1750 1794 aliquot

137 1794 459 1846 pandiculationes
481 1800 621 1831 voravit
642 1807 806 1830 muscam
830 1807 942 1843 quam
960 1794 1128 1840 exhibui,
1154 1796 1219 1831 sed
1237 1806 1321 1845 post
1344 1797 1487 1846 aliquot
1505 1799 1612 1837 horas
1631 1816 1749 1839 rursus

138 1853 321 1889 defossam
339 1857 468 1900 reperi.

213 1910 380 1945 Demum
405 1909 438 1944 d.
463 1909 518 1946 26.
542 1910 634 1956 Maji
656 1922 775 1945 rursus
800 1916 969 1959 apparuit
987 1910 1093 1947 valde
1113 1909 1351 1958 macilentus,
1379 1922 1415 1948 et
1435 1913 1581 1950 oblatos
1605 1922 1749 1952 oniscos

139 1965 245 2003 avide
263 1971 422 2010 voravit,
447 1965 511 2001 sed
530 1965 642 2014 paulo
665 1972 842 2015 ineptius,
863 1980 911 2002 an
936 1967 984 2002 ob
1008 1968 1272 2016 cupiditatem,
1295 1982 1344 2004 an
1368 1969 1417 2005 ob
1440 1971 1750 2008 animalculorum

140 2022 462 2071 magnitudinem?
490 2021 528 2056 Si
549 2035 661 2070 quem
682 2023 874 2058 dimidium
891 2024 1005 2059 modo
1028 2024 1191 2060 saucibus
1211 2031 1440 2073 immisisset,
1462 2029 1614 2076 pedibus
1634 2040 1673 2064 ut
1692 2042 1749 2064 re-

141 2081 266 2125 jiceret
289 2091 352 2113 ore
368 2107 376 2122 ,
398 2078 626 2115 allaboravit.
651 2081 700 2114 Et
717 2082 789 2125 jam
816 2080 912 2115 bene
935 2091 1034 2128 pasta
1057 2094 1094 2116 se
1114 2082 1181 2116 sub
1205 2092 1298 2118 terra
1316 2097 1434 2119 rursus
1460 2085 1700 2121 abscondidit.

214 2135 263 2170 D.
285 2136 315 2170 Ξ.
339 2137 423 2171 Jun.
444 2149 563 2171 rursus
578 2142 662 2172 visa.
690 2137 847 2172 Oblatos
871 2142 1015 2171 oniscos
1032 2138 1136 2174 avide
1157 2146 1320 2185 voravit,
1342 2147 1451 2176 etiam
1472 2142 1650 2176 currendo
1666 2148 1749 2178 satis

143 2191 284 2239 agiliter
312 2192 358 2226 ad
383 2192 525 2240 aliquot
547 2193 729 2242 pollicum
758 2195 967 2229 distantiam
997 2206 1249 2244 prosequutus.
1282 2197 1399 2246 Saepe
1422 2210 1537 2245 aeque
1562 2203 1686 2247 inepte
1710 2211 1750 2235 ut

143 2258 248 2294 autc,
273 2257 313 2283 ut
336 2249 722 2298 quandoque'terram
750 2250 859 2287 simul
885 2261 1053 2299 voraret,
1080 2262 1143 2290 aut
1169 2259 1350 2290 insectum
1378 2267 1455 2288 non
1480 2265 1649 2303 caperet3
1674 2263 1750 2293 sine

1386 2311 1419 2345 G
1434 2323 1457 2358 g
