2054 2748
867 140 1083 170 AVES.
1714 145 1770 190 99

162 224 330 272 longiore
352 224 410 272 (in
431 234 589 273 utroque
610 224 734 260 nullus
754 223 1000 272 denticulus);
1023 230 1163 274 apivori
1181 225 1297 260 cauda
1311 231 1431 261 miuus
1452 226 1617 272 fasciata3
1644 228 1769 264 subtus

161 295 275 330 usque
306 288 344 316 in
377 288 527 317 crissum
554 293 591 318 et
618 282 757 317 femora
782 280 1009 325 maculatu53
1045 288 1084 317 in
1117 287 1322 332 interrupto
1350 292 1495 329 autem,
1530 283 1621 320 basis
1653 286 1767 321 modo

160 339 370 387 plumarum
391 338 485 374 alba.

233 401 462 437 Crediderim
480 412 604 437 tamen
622 401 670 436 ad
693 406 884 449 apivorum
899 412 1006 448 posse
1026 400 1159 438 referri.

523 525 788 570 FALCO
833 526 1207 570 ARDRIAS.
1253 527 1415 571 Nobis.

231 643 405 680 Pedibus
431 643 722 693 subplumosis‚
749 649 1002 695 squamosis,
1031 646 1109 682 alis
1133 645 1268 681 cauda
1286 645 1624 691 subbrevioribus,
1652 648 1768 683 remi-

153 702 271 750 gibus
302 701 547 737 secundariis
581 703 832 739 interioribus
867 703 953 739 basi
995 703 1124 747 albis,
1153 705 1296 750 fascia
1336 706 1462 751 apicis
1505 705 1768 752 sesquialcera

146 759 271 806 ficsca
285 774 303 800 ,·
331 759 556 794 rectricibus
576 760 725 807 fasciis
748 764 927 809 quinque
951 760 1161 796 latioribus
1176 789 1189 804 ‚
1216 763 1431 808 interjectis
1459 763 1564 795 incer
1585 761 1768 809 singulas

155 815 453 863 angustioribus
483 816 642 851 duabus
672 816 874 861 tribusve,
914 820 1046 866 capite
1072 818 1193 862 albo,
1239 821 1351 853 rostri
1380 820 1562 865 margine
1589 818 1767 866 aequali.

225 882 377 916 Occisus
397 881 520 916 medio
546 881 734 917 Fructiferi
752 895 865 918 mens.
887 897 919 929 7.
939 882 1034 930 (init.
1050 882 1149 931 Sept.
1179 882 1297 930 1799.)
1312 883 1360 917 ad
1372 881 1768 930 Oberhausbergheim‚

153 950 289 986 pagum
301 938 529 985 Argentinae
542 945 713 975 vicinum.
734 939 869 975 Matth.
891 939 1092 985 Sylvaticus
1104 952 1244 974 nomen
1256 939 1404 973 Ardrias
1419 952 1484 987 pro
1500 939 1623 987 aliqua
1640 952 1769 988 rapace

153 1007 218 1029 ave
248 994 384 1038 habet3
423 1000 461 1028 in
492 1006 626 1042 magna
654 995 903 1043 epithetorum
930 1008 956 1031 s.
991 1001 1188 1030 nominum
1215 994 1413 1032 trivialium
1438 995 1569 1044 quibus
1592 1008 1684 1044 opus
1715 1005 1769 1032 est

152 1056 356 1098 quantitate
377 1078 384 1095 ‚
411 1051 564 1099 perinde
584 1061 638 1086 est
653 1052 753 1087 unde
771 1063 973 1088 sumuntur.

224 1116 474 1164 ,Magnitudo
493 1116 675 1153 buteonis.
706 1118 835 1166 Caput
852 1124 1025 1166 exiguum
1041 1147 1050 1164 ‚
1075 1118 1220 1163 album,
1247 1117 1410 1166 apicibus
1425 1117 1635 1166 plumarum
1651 1117 1766 1153 fuscis.

150 1173 275 1207 Frons
295 1178 418 1220 purius
439 1173 533 1209 alba.
560 1174 728 1210 Petinae
748 1181 890 1211 verticis
910 1186 1038 1211 ovatae
1057 1185 1156 1211 arcte
1180 1174 1392 1210 imbricatae
1412 1203 1421 1220 ,
1455 1181 1505 1210 sic
1529 1185 1564 1210 et
1581 1175 1767 1222 pennulae

152 1233 249 1263 inter
279 1228 382 1263 basin
409 1235 515 1264 rostri
541 1240 577 1265 et
605 1230 754 1275 oculos,
786 1244 880 1278 quae
907 1237 1069 1266 minutae
1098 1241 1135 1266 et
1167 1231 1354 1276 eleganter
1379 1231 1427 1264 ob
1454 1237 1596 1278 apicem
1623 1237 1768 1278 nigrum

151 1284 369 1320 tessellatae.
401 1286 498 1321 Cera
512 1285 612 1321 flava.
627 1287 816 1322 Rostrum
835 1292 999 1335 nigrum,
1026 1292 1190 1335 margine
1205 1292 1366 1320 maxime
1379 1285 1544 1334 aequali,
1565 1287 1767 1334 nequidem

150 1341 329 1377 levissime
355 1347 510 1376 sinuato,

225 1405 342 1440 Color
360 1411 399 1439 in
418 1411 627 1440 universum
651 1404 770 1440 fuscus
785 1432 794 1449 ,
821 1409 955 1453 passim
969 1417 990 1439 a
1014 1404 1090 1439 basi
1104 1417 1311 1452 pennarum
1332 1410 1574 1453 proveniente
1591 1405 1765 1442 albedine

149 1468 327 1498 immixta.
356 1461 491 1498 Subtus
510 1462 680 1498 albidior.
706 1464 796 1497 Post
819 1474 1025 1511 pennarum
1049 1467 1293 1497 mutationem
1312 1467 1389 1497 sine
1412 1462 1525 1498 dubio
1549 1462 1622 1498 alio
1638 1463 1765 1500 colore

148 1519 298 1554 futurus.
321 1520 474 1554 Remea:
500 1524 617 1567 prima
641 1519 846 1554 brevissima
867 1547 876 1564 ‚
904 1518 1048 1553 duobus
1063 1518 1260 1566 pollicibus
1285 1529 1462 1568 sequente
1482 1519 1649 1566 brevior,
1673 1534 1766 1570 quae

148 1576 362 1624 longissima
390 1581 567 1611 omnium.
596 1577 704 1611 Duae
729 1582 907 1625 primores
930 1576 1044 1611 tribus
1071 1575 1270 1624 pollicibus
1296 1587 1380 1626 post
1411 1583 1554 1626 apicem
1579 1585 1764 1626 sinuatae,

149 1643 187 1668 et
217 1634 269 1667 ibi
294 1632 425 1678 albae,
466 1646 552 1668 cum
570 1634 679 1669 fascia
699 1647 773 1669 una
797 1644 860 1669 aut
888 1633 1039 1668 duabus.
1066 1633 1245 1682 Reliquae
1275 1648 1353 1669 non
1380 1641 1563 1682 sinuatae,
1590 1636 1765 1673 albedine

148 1696 348 1726 successive
367 1696 482 1737 magis
502 1697 622 1726 antice
647 1697 847 1739 incipiente
863 1720 872 1736 ,
899 1691 963 1726 sed
981 1696 1101 1725 minus
1116 1703 1229 1739 pura,
1257 1702 1293 1727 et
1312 1691 1429 1728 fasciis
1445 1692 1763 1742 frequentioribus.
1780 1738 1784 1745 1

147 1748 346 1782 Primariae
369 1746 495 1782 subtus
523 1747 723 1792 candidae,
750 1759 871 1782 versus
894 1753 1039 1795 apicem
1070 1753 1236 1784 cinereae
1260 1759 1296 1785 et
1314 1748 1494 1786 fasciatae.
1518 1750 1764 1788 Secundariae

147 1803 273 1839 subtus
307 1809 495 1850 cinereae,
542 1803 658 1839 fasciis
682 1804 944 1852 nigricantibus
977 1817 1051 1840 seX.
1095 1807 1206 1854 Apex
1232 1806 1347 1842 albus.
1376 1806 1621 1844 Secundariae
1656 1823 1763 1859 supra

147 1861 317 1896 fasciatae
340 1863 532 1908 interjecta
559 1861 710 1910 singulis
731 1861 839 1897 fascia
867 1862 1117 1911 pallidissima.
1158 1864 1349 1899 Teccrices
1379 1871 1487 1914 primi
1517 1866 1654 1902 ordinis
1682 1873 1761 1902 uui-

147 1918 314 1963 colores,
348 1925 452 1966 apice
478 1918 595 1954 albae.
623 1918 819 1968 Sequentis
851 1920 989 1955 ordinis
1016 1926 1180 1968 margine
1220 1928 1422 1970 posteriore
1448 1923 1605 1972 amplius
1642 1924 1757 1960 albae.

146 1975 309 2011 Ultimae
330 1981 513 2012 miuomm
534 1977 706 2012 ordinum
723 1983 836 2025 magis
855 1977 1053 2013 brunneae.
1072 1978 1319 2014 Secundariae
1335 1990 1543 2028 postremae
1566 1987 1759 2029 praecipue

147 2030 253 2067 latius
272 2045 309 2067 se
336 2046 356 2068 a
385 2032 461 2067 basi
482 2034 568 2068 inde
598 2033 828 2069 diffundente
857 2035 1031 2070 albedine
1059 2036 1155 2070 lianc
1180 2042 1367 2084 regionem
1392 2043 1503 2072 etiam
1531 2038 1758 2085 complicatis

147 2087 213 2122 alis
235 2090 438 2125 notabilem
465 2091 634 2126 reddunt.
662 2091 756 2127 Alae
779 2091 1024 2140 complicatae
1049 2092 1097 2127 ad
1129 2105 1244 2141 usque
1269 2094 1565 2143 sesquipolliccm
1587 2094 1633 2127 ab
1654 2098 1758 2141 apice

149 2145 285 2180 caudae
306 2154 529 2196 pertingunt.

223 2212 362 2246 cauda
385 2219 424 2247 in
445 2220 653 2251 universum
671 2215 770 2251 fusca
787 2244 795 2260 ,
824 2215 939 2250 fasciis
967 2213 1237 2252 obscurioribus
1263 2229 1326 2252 sex
1354 2226 1417 2251 aut
1437 2221 1619 2263 quinque,
1645 2219 1757 2251 inter-

1441 2274 1476 2306 N
1503 2285 1524 2306 2
