2054 2748
283 133 359 176 192
627 124 1114 158 OBSERVATIONES
1159 125 1535 156 ZOOLOGICAE.

276 227 401 252 tamen
419 209 620 251 B'altnerus.
647 216 690 248 In
715 212 883 247 Helvetia
909 216 1020 245 etiam
1041 216 1199 245 occurrit
1222 222 1300 244 non
1323 209 1437 244 modo
1462 209 1509 245 ad
1532 208 1654 256 lacus,
1685 210 1751 246 sed
1780 217 1890 247 etiam

273 276 413 310 Bernae
434 272 498 308 ubi
517 284 594 306 non
611 270 724 306 semel
745 278 872 317 capta,
892 267 981 302 licet
995 267 1095 302 lacus
1115 267 1243 302 desint.
1272 266 1384 303 Unde
1402 272 1511 302 etiam
1529 279 1596 314 ego
1611 266 1741 303 habeo.

490 371 1063 419 HAEMATOPUS
1117 371 1684 416 OSTRALEGUS.

347 479 508 512 1312anss
528 479 566 507 in
582 471 753 507 Helvetia
774 471 875 507 haud
894 470 1008 507 semel
1029 480 1165 519 captus.
1193 469 1306 506 Unde
1325 475 1456 513 miror,
1472 468 1519 503 ad
1533 468 1708 503 Rhenum
1723 478 1891 505 nostrum

275 547 422 583 prorsus
450 542 641 578 nunquam
667 535 783 565 visum
806 541 892 564 esse.
920 529 990 563 Ao.
1012 542 1044 575 7.
1074 527 1217 576 (1798.)
1246 526 1319 562 fine
1339 527 1495 573 Augusti
1519 531 1660 561 occisus
1684 531 1722 560 in
1744 536 1888 561 carecto

276 588 638 636 Schiltighemiensi,
668 599 786 635 prope
809 587 1118 634 Argentoratum,
1148 595 1183 620 et
1201 590 1240 619 in
1259 596 1385 618 museo
1406 595 1490 617 meo
1515 593 1685 619 servatus.
1714 585 1811 618 Huic
1832 595 1892 617 ro-

276 659 389 683 strum
414 644 564 693 quidem
589 643 761 688 rubrum,
786 643 849 678 sed
869 643 983 691 pedes
1012 636 1242 690 nigricantes.
1272 643 1395 679 Fascia
1415 639 1549 676 albida.
1577 640 1728 676 Orbitae
1750 640 1891 685 nudae,

277 709 506 752 sanguineae.
534 702 687 736 Femina
709 710 794 736 erat.

691 806 995 851 FULICA
1039 804 1485 850 ATERRIMA.

348 902 439 939 Viva
457 901 549 936 mihi
568 900 679 936 allata
703 901 802 947 1775.
827 900 859 935 d.
882 901 936 936 28.
961 900 1097 935 Martii.

350 961 535 994 Extensae
555 957 766 1003 longitudo
786 956 833 991 ab
857 963 960 1004 apice
981 962 1086 991 rostri
1109 954 1157 990 ad
1178 964 1384 989 extremum
1401 952 1537 1001 pedem
1556 955 1683 998 viginti
1702 949 1893 999 pollicum.

278 1015 338 1050 Ab
359 1020 589 1050 extremitate
607 1019 713 1047 unius
733 1012 813 1047 alae
833 1012 881 1046 ad
895 1011 1049 1047 alteram
1065 1011 1203 1059 pedum
1218 1010 1375 1044 duorum
1390 1009 1572 1057 pollicum
1588 1013 1706 1042 trium.
1725 1009 1895 1054 Magni-

278 1073 374 1108 tudo
394 1071 554 1118 gallinae
573 1070 779 1104 mediocris.
808 1070 937 1103 Meum
959 1074 1148 1115 specimen
1165 1073 1286 1101 minus
1307 1075 1360 1100 est
1383 1065 1494 1099 fulica
1515 1074 1601 1099 atra.

353 1128 471 1162 Color
485 1132 523 1161 in
540 1130 749 1161 universum
765 1129 878 1172 niger.
900 1124 1029 1171 Caput
1047 1132 1083 1158 et
1100 1122 1252 1157 collum
1269 1126 1447 1156 aterrima.
1464 1121 1639 1154 Dorsum
1657 1118 1893 1153 subaeneum.

277 1184 493 1221 Abclometz
522 1195 608 1218 cum
635 1191 786 1230 pectore
814 1180 1079 1216 subcinereum.
1120 1180 1308 1214 Rostrum
1339 1177 1550 1213 candidum.
1592 1175 1896 1211 Mandibularum

277 1247 441 1290 margine
461 1240 654 1276 scindente
670 1267 678 1284 ,
693 1244 878 1287 superiore
900 1250 1029 1287 parum
1049 1247 1134 1272 ante
1153 1242 1297 1285 apicem
1320 1239 1564 1282 emarginata,
1579 1232 1749 1268 inferiore
1768 1245 1897 1281 parum

278 1299 346 1335 sub
373 1304 558 1347 superiore
587 1295 789 1331 recondita.
822 1296 1019 1343 Tempora
1045 1294 1211 1343 plumata
1237 1302 1346 1328 acuto
1367 1291 1505 1340 angulo
1534 1296 1572 1326 in
1592 1290 1695 1325 basin
1722 1289 1898 1325 maxillae

279 1361 475 1403 superioris
493 1359 663 1388 immissa.
702 1354 973 1386 Commissurae
995 1350 1294 1386 mandibularum
1320 1355 1494 1384 sinuatae.
1529 1349 1659 1384 Nares
1680 1347 1835 1382 lineares
1859 1353 1897 1381 in

280 1412 404 1448 medio
425 1415 586 1458 positae,
610 1413 765 1454 margini
784 1406 958 1441 maxillae
981 1406 1191 1454 parallelae.
1219 1406 1382 1451 Lingua
1403 1410 1542 1451 integra
1557 1432 1565 1448 ,
1594 1409 1759 1450 sagittata
1773 1431 1781 1447 ,
1801 1403 1896 1443 alba,

280 1471 405 1505 Frons
421 1466 583 1510 elevata,
609 1474 715 1500 ovata
727 1492 735 1508 ⁷
760 1462 936 1507 candida,
958 1475 977 1497 e
997 1462 1210 1509 cartilagine
1225 1461 1332 1495 molli
1347 1461 1442 1495 facta
1454 1488 1461 1505 ,
1473 1459 1697 1507 marginibus
1711 1466 1895 1508 separatis,

281 1536 318 1562 et
334 1525 521 1574 plumatae
541 1527 635 1570 parti
656 1519 968 1556 incumbentibus.
996 1520 1101 1553 Haec
1126 1516 1301 1565 cartilago
1332 1517 1450 1563 major
1471 1528 1583 1564 quam
1604 1521 1644 1550 in
1666 1515 1777 1551 fulica
1798 1527 1896 1563 atra,

281 1593 399 1620 rostro
421 1579 621 1624 concolor,
645 1577 740 1612 nihil
769 1576 1053 1612 coerulescentis
1073 1575 1296 1619 ostendens,
1322 1579 1375 1609 uti
1398 1585 1467 1608 nec
1488 1583 1646 1608 rostrum
1670 1578 1896 1619 virescentis,

282 1646 335 1676 uti
354 1638 452 1674 male
474 1636 587 1672 habet
614 1634 764 1670 Frischii
783 1640 879 1669 icon.
911 1632 1029 1668 Oculi
1052 1637 1174 1681 parvi,
1196 1631 1287 1666 iride
1313 1629 1552 1666 cinnabarina
1568 1658 1576 1674 ‚
1604 1629 1757 1664 clariore
1784 1642 1896 1678 quam

283 1704 323 1733 in
340 1703 449 1732 icone
476 1693 636 1730 Frischii.
664 1695 785 1740 Caput
808 1701 844 1726 et
865 1690 1007 1725 collum
1024 1688 1257 1725 uniformiter
1278 1697 1375 1733 atra,
1399 1685 1625 1735 temporibus
1647 1698 1726 1721 non
1744 1685 1898 1734 profun-

284 1755 365 1791 dius
385 1752 558 1788 coloratis
580 1756 633 1786 uti
654 1748 807 1784 Frischii
829 1754 915 1783 icon
939 1747 1064 1784 habet.

357 1812 542 1857 Remiges
558 1813 749 1857 primariae
770 1806 912 1851 decem,
928 1805 1166 1840 secundariae
1180 1815 1315 1840 novem
1329 1808 1516 1847 cinereae,
1529 1801 1654 1837 rhachi
1669 1807 1780 1849 nigra.
1804 1801 1898 1836 Tec-

286 1870 399 1906 erices
426 1872 628 1915 superiores
653 1876 781 1899 omnes
806 1863 915 1899 dorso
941 1862 1170 1898 concolores.
1197 1861 1390 1896 Inferiores
1409 1867 1571 1909 priorum
1594 1864 1703 1893 trium
1726 1858 1898 1893 ordinum

286 1925 477 1969 sabatrae,
506 1928 625 1971 quarti
651 1921 789 1956 ordinis
817 1932 902 1955 cum
930 1917 1128 1966 remigibus
1153 1918 1280 1953 albido
1309 1927 1550 1953 canescentes.
1587 1917 1718 1963 Margo
1739 1921 1899 1951 anterior

288 1983 528 2019 humerorum
548 1979 671 2025 albus,
694 1984 748 2014 uti
763 1987 799 2013 et
814 1983 954 2026 primae
972 1980 1117 2022 remigis
1132 1974 1253 2009 alulac
1273 1980 1415 2023 spuriae
1433 1985 1559 2020 margo
1581 1977 1751 2007 anterior.

360 2037 667 2076 Sabbatum-ales
690 2035 876 2083 longiores
896 2043 1076 2082 quatuor,
1099 2030 1354 2080 planissimae,
1378 2030 1618 2074 rotundatae,
1638 2038 1747 2063 atrae.

361 2095 599 2143 Scapzclares
625 2103 731 2139 octo,
752 2097 1006 2136 acuminatae‚
1033 2089 1081 2124 ad
1103 2088 1240 2123 caudae
1261 2093 1405 2137 apicem
1426 2100 1541 2136 usque
1560 2090 1817 2134 pertingentes.

361 2155 596 2188 Pennarum
625 2163 756 2199 corpus
788 2155 993 2198 tegentium
1018 2151 1138 2195 apices
1163 2144 1290 2189 laceri,
1318 2150 1442 2179 nescio
1471 2157 1518 2178 an
1541 2152 1691 2187 natura,
1726 2154 1774 2176 an
1799 2140 1901 2190 quod

291 2211 487 2247 arundines
509 2218 545 2247 et
563 2207 717 2257 virgulta
738 2217 961 2256 pervagetur.
988 2207 1086 2241 Basis
1101 2215 1225 2239 earum
1239 2201 1705 2250 albicanti-J)urpurascens.

1704 2256 1900 2292 Reccrices
