2054 2748
300 140 383 187 310
659 134 1133 168 OBSERVATIONES
1175 134 1556 163 ZOOLOGICAE.

375 223 607 261 Macularum
636 228 818 271 nigrarum
842 218 1097 266 angulatarum
1127 219 1220 254 duae
1250 223 1358 252 series
1381 230 1445 266 per
1472 217 1623 251 dorsum
1651 227 1909 264 excurrentes,

303 283 435 332 quibus
456 295 592 330 paucae
613 281 704 316 aliae
725 286 1053 325 intersperguntur:
1074 276 1168 311 duae
1187 284 1330 311 tantum
1349 273 1439 308 iufra
1455 273 1591 308 lineam
1609 273 1810 308 lateralem.
1831 275 1911 309 Hae

304 340 471 375 maculae
496 339 604 383 duas,
626 348 716 379 tres,
737 344 939 382 quatuorve
961 346 1129 382 squamas
1153 341 1347 379 occupant.
1374 329 1511 366 Nullae
1533 337 1572 365 in
1588 337 1706 379 capite
1724 330 1913 377 inferiore,

305 408 451 441 ventre,
476 402 586 445 pinna
608 391 743 428 dorsali
762 401 935 440 utraque,
955 400 1018 426 aut
1038 389 1203 435 caudali,
1226 400 1347 436 neque
1372 387 1491 422 lineae
1513 392 1551 422 in
1573 387 1686 423 latere
1706 397 1742 423 et
1764 397 1912 433 ventre,

305 460 359 489 uti
378 453 489 488 habet
512 453 622 499 figura
648 448 816 484 Baltneri.

384 509 542 557 (Blochii
564 508 676 554 ligura
696 515 828 540 truttae
850 503 1013 539 maculas
1035 502 1150 539 habet
1170 507 1335 551 copiosas
1361 501 1523 550 perfecte
1540 501 1716 536 rotundas
1733 500 1915 549 profunde

308 567 500 610 rubentes,
516 570 552 598 in
566 569 685 612 capite
699 591 708 608 ,
727 568 894 611 copiosas
908 567 944 596 in
967 561 1095 605 dorso,
1110 570 1267 608 quatuor
1283 559 1442 594 seriebus
1458 558 1549 593 iufra
1565 558 1700 593 lineam
1716 557 1917 603 lateralem,

309 630 346 659 in
374 630 485 672 pinna
511 621 645 656 dorsali
669 630 845 668 utraque,
872 618 993 654 nullas
1022 624 1060 652 in
1085 617 1238 652 caudali.
1273 617 1398 662 Quum
1420 621 1592 664 piscatori
1617 617 1918 662 Argentoratensi

309 681 461 728 figuram
492 678 639 713 Blochii
665 677 920 719 ostenderem,
948 675 1045 710 hanc
1065 673 1239 708 feminam
1257 672 1390 708 referre
1413 677 1646 708 asseveravit:
1673 671 1833 707 Baltneri
1853 684 1917 705 au-

310 748 385 772 tem
410 734 684 780 Weiss-[orell
713 734 826 768 alium
852 738 990 781 piscem
1017 743 1114 776 esse,
1142 740 1178 765 et
1203 729 1424 764 nostratibus
1443 729 1554 777 sicrle
1582 733 1711 763 vocari.
1740 728 1801 762 An
1827 727 1919 762 haec

310 790 556 827 weiss-forest
579 790 763 834 Baltueri,
787 801 898 837 quam
914 788 1071 823 duorum
1092 787 1229 835 pedum
1249 796 1285 821 et
1304 785 1446 821 dimidii
1466 785 1698 833 longitudine
1721 795 1797 818 esse
1812 784 1920 829 dicit,

311 859 364 884 est
385 848 501 883 salmo
524 848 651 882 eriox‘?
683 846 808 881 Gauda
829 845 979 894 quidem
1004 857 1080 879 non
1106 843 1269 892 aequalis
1297 852 1360 877 est.
1389 842 1561 877 Maeuiae
1585 841 1778 889 lineaeque
1798 846 1922 888 nigrae

311 911 506 953 copiosae,
533 910 644 939 etiam
673 913 810 951 puncta
832 907 933 950 nigra
963 907 1002 936 in
1030 900 1146 936 cauda
1173 905 1368 949 pinnisque
1397 898 1612 934 dorsalibus.
1640 898 1788 933 Caudae
1810 897 1923 932 latera

312 960 562 1006 rulescentia.)

387 1019 500 1051 Linea
520 1014 678 1049 lateralis
702 1024 822 1058 recta,
842 1013 889 1048 ab
904 1018 1010 1048 initio
1032 1013 1211 1059 depressa.

389 1072 632 1119 Squamarum
658 1069 805 1102 ordines
825 1073 952 1113 viginti
976 1072 1161 1113 quinque,
1186 1067 1284 1099 linea
1305 1066 1464 1099 lateralis
1487 1071 1525 1099 in
1547 1070 1720 1111 vigesima
1740 1075 1866 1111 sexta3
1887 1072 1927 1101 in

317 1128 517 1165 abdomine
537 1131 682 1172 triginta
700 1132 858 1171 quatuor
877 1127 1011 1156 sensim
1025 1127 1242 1157 imminutae
1254 1149 1263 1166 ,
1281 1131 1323 1157 ut
1342 1121 1493 1156 tandem
1509 1133 1574 1169 per
1590 1130 1706 1156 totam
1720 1121 1927 1158 abdominis

317 1183 592 1231 longitudinem
608 1180 734 1215 nullae
751 1186 833 1214 sint.
861 1181 959 1226 Ergo
977 1190 1151 1227 squamae
1173 1184 1336 1226 exiguae.

391 1240 497 1276 Radii
523 1241 578 1274 ΒΓ.
606 1238 657 1273 13.
679 1238 738 1272 D..
756 1237 806 1271 13.
826 1237 866 1271 P.
892 1236 942 1271 15.
964 1236 1005 1270 V.
1020 1247 1051 1283 9.
1076 1236 1119 1270 A.
1133 1247 1166 1282 9.
1183 1237 1223 1271 C.
1239 1248 1294 1270 21.

393 1296 565 1334 Maeuiae
582 1305 652 1330 tres
673 1306 818 1342 prorsus
840 1298 876 1327 in
894 1291 972 1327 basi
992 1298 1126 1340 pinnae
1147 1290 1319 1336 dorsalis,
1340 1296 1377 1325 in
1393 1297 1469 1340 ipsa
1491 1290 1770 1328 membranacea
1793 1302 1906 1340 parte.

392 1353 595 1390 Pectoralis
614 1352 661 1386 ad
690 1351 792 1385 basin
818 1349 982 1385 violacea
997 1375 1006 1393 ‚
1033 1349 1179 1384 macula
1206 1354 1365 1383 maxima
1389 1349 1436 1383 ad
1459 1355 1662 1396 marginem
1685 1354 1930 1394 anteriorem,

323 1414 464 1450 discum
484 1410 578 1445 ultra
601 1408 764 1443 medium
785 1414 1001 1452 occupante.

396 1466 580 1502 Ventralis
595 1464 737 1499 mediae
756 1466 849 1509 parti
872 1459 1024 1494 dorsalis
1044 1466 1232 1507 opposita,
1251 1459 1328 1494 basi
1347 1459 1521 1495 violacea.

399 1522 570 1559 Caudalis
595 1531 672 1555 tota
693 1518 787 1553 alba.
814 1519 911 1552 Basis
936 1525 1099 1550 extrema
1118 1517 1195 1562 ejus
1215 1521 1326 1564 partis
1351 1516 1472 1551 eidem
1492 1522 1586 1564 parti
1604 1523 1739 1566 pinnae
1762 1518 1935 1566 adiposae

327 1596 346 1618 e
373 1582 551 1617 diametro
577 1581 756 1625 opposita.

403 1635 526 1672 Gauda
548 1638 789 1683 proportione
803 1632 938 1677 major,
958 1641 1069 1678 quam
1089 1634 1128 1663 in
1147 1633 1255 1663 icone
1274 1627 1454 1664 Baltneri:
1477 1634 1591 1676 magis
1610 1628 1748 1665 furcata
1771 1641 1882 1678 quam
1897 1636 1936 1666 in

328 1693 484 1733 Blochii.

401 1751 585 1797 Vergente
620 1745 775 1782 Octobri
806 1755 932 1779 mense
963 1743 1120 1778 tridente
1152 1741 1329 1777 feriuntur
1357 1742 1506 1790 alioque
1535 1742 1650 1777 modo
1683 1748 1876 1791 capiuntur
1899 1749 1938 1778 in

330 1808 485 1849 Rhen03
505 1815 631 1854 postea
651 1812 882 1838 evanescunt,

406 1865 442 1898 A
462 1862 627 1897 salmone
649 1869 759 1895 trutta
783 1860 938 1893 Linnaei
957 1866 993 1891 et
1012 1855 1155 1892 Blochii
1174 1855 1328 1891 maculis
1343 1865 1378 1890 et
1396 1868 1551 1890 numero
1565 1855 1750 1891 radiorum
1765 1855 1914 1893 diversa,

844 1942 1119 1988 SALMO
1167 1942 1438 1986 SALAR.

410 2030 653 2077 Distinguunt
681 2034 878 2075 piscatores
903 2030 1018 2060 nostri
1044 2023 1310 2072 graulaclzse,
1335 2023 1664 2066 selzwarzlaclzse,
1693 2022 1941 2071 egellachse,

339 2095 401 2139 qui
421 2088 544 2123 multis
564 2085 791 2120 hirudinibus
811 2093 894 2118 sunt
913 2082 1068 2126 obsessi3
1091 2081 1153 2116 sed
1177 2092 1297 2115 merae
1320 2091 1404 2115 sunt
1426 2086 1625 2115 varietates.

412 2146 482 2180 Ao.
503 2144 534 2178 3.
557 2142 679 2190 (¹795
702 2140 735 2176 d.
751 2154 805 2175 20.
826 2138 941 2186 Nov.)
961 2138 1032 2174 vidi
1052 2144 1090 2173 in
1110 2137 1191 2172 foro
1212 2137 1415 2172 salmonem
1436 2149 1573 2172 marem
1589 2135 1821 2184 longitudine
1840 2136 1943 2184 bipe-

341 2202 436 2247 dali,
459 2200 645 2250 pondere,
666 2208 707 2234 ut
732 2197 840 2233 refert
859 2203 1042 2245 piscator,
1073 2194 1145 2230 sere
1171 2194 1316 2240 bilibri,
1349 2193 1502 2228 maculis
1526 2192 1639 2229 rubris
1665 2198 1944 2242 copiosissimis,
