2054 2748
217 163 245 214 4
572 167 1048 201 OBSERVATIONES
1090 168 1469 201 ZOOLOGICAE.

216 254 383 290 breviore
402 259 485 303 ipsis
499 253 714 289 incisoribus
734 260 885 303 stipatus
898 282 906 298 ,
919 263 960 288 ut
977 253 1071 288 adeo
1090 266 1153 288 sex
1171 252 1307 289 habeat
1326 260 1499 292 incisores
1517 256 1703 293 inferiores
1717 270 1820 295 more

215 313 402 358 Lemuris,
427 311 491 346 sed
511 324 656 360 prorsus
674 311 747 346 alio
775 316 853 346 situ.
884 310 1076 357 (Tertium
1097 310 1171 345 hoc
1199 323 1264 359 par
1286 316 1483 347 incisurum
1508 324 1561 349 est
1586 320 1706 362 potius
1731 316 1820 351 dens

216 374 368 404 caninus
382 369 505 414 junior
523 368 569 403 ab
588 368 704 403 altero
726 377 977 402 succrescente
996 367 1082 402 loco
1102 367 1308 416 pellendus.
1331 368 1508 418 Crevier.)
1538 373 1587 406 Hi
1614 372 1741 407 dentes
1763 379 1819 408 in-

214 431 410 461 terstitium
432 432 528 460 inter
548 431 720 460 caninum
739 423 912 459 maxillae
930 430 1125 473 superioris
1144 435 1180 461 et
1202 430 1376 460 incisores
1395 438 1473 461 non
1492 439 1637 475 prorsus
1656 429 1820 477 replent,

213 495 329 531 quum
357 482 513 518 validior
537 488 686 517 caninus
711 486 875 529 superior
900 481 999 516 haud
1021 482 1123 517 aliud
1147 487 1304 530 spatium
1330 489 1486 530 reperiat
1513 496 1623 532 quam
1644 486 1821 534 angulum

213 551 325 588 quem
347 538 480 574 format
503 538 672 573 laniarius
696 537 847 573 inferior
868 551 989 574 versus
1009 545 1192 574 anteriora
1212 539 1448 585 recumbens,
1467 551 1503 576 et
1518 547 1654 589 primus
1671 543 1818 579 molaris

212 596 370 644 simplex
391 606 425 631 et
444 601 501 630 vix
523 606 662 630 corona
683 599 880 630 instructus
902 608 1022 631 versus
1038 601 1223 644 poseriora
1246 596 1452 632 inclinatus.

285 655 326 688 II.
348 650 581 686 Foraminula
611 663 675 686 sex
697 657 735 686 in
757 664 835 687 osse
856 652 1039 687 maxillari
1058 658 1096 687 in
1123 652 1280 688 orbitam
1303 659 1554 701 penetrantia,
1581 664 1617 690 et
1641 660 1762 690 antice
1781 661 1820 691 in

211 709 354 744 sulcum
374 708 632 754 degenerantia
653 713 724 743 ossi
743 709 946 757 insculpta,
969 722 1034 758 pro
1055 715 1162 744 ramis
1182 716 1283 746 nervi
1300 710 1500 746 maxillaris
1514 717 1707 759 superioris
1728 718 1819 747 rami

210 764 469 801 infraorbitarii
503 770 622 813 quinti
649 772 754 814 paris.
789 768 841 801 Ita
870 766 1114 815 multiplicata
1144 779 1220 801 esse
1248 772 1286 801 in
1313 767 1438 802 multis
1463 774 1574 803 simiis
1604 770 1733 803 Cuvier
1758 782 1818 803 me

211 822 330 857 docet.
357 820 430 856 Sed
458 822 542 869 juga
569 822 632 857 illa
652 822 849 872 sulcosque
873 836 952 858 non
975 829 1089 871 magis
1117 823 1308 860 distinctos
1333 823 1502 873 altosque
1530 837 1606 860 esse
1628 829 1666 859 in
1693 831 1817 860 cranio

209 884 342 924 miror,
364 890 479 927 quum
500 878 594 914 adeo
618 885 690 916 sint
713 885 753 915 in
778 891 860 916 cute
880 893 1067 929 genarum.

675 1002 907 1046 SIMIA
952 1001 1367 1047 PANISCUS.

279 1107 361 1141 Mffl
382 1120 513 1156 corpus
535 1107 619 1156 pilis
639 1114 841 1157 nigerrimis
864 1108 1076 1155 horridum,
1103 1108 1177 1144 fere.
1203 1120 1242 1145 ut
1265 1114 1303 1144 in
1326 1122 1420 1145 urso.
1448 1110 1573 1155 Meus,
1594 1121 1705 1159 quem
1724 1110 1819 1155 vidi,

207 1162 475 1208 timidissimus,
495 1171 595 1213 tangi
616 1166 815 1202 metuebat.
843 1166 949 1201 Alius
971 1176 1097 1202 tamen
1117 1172 1343 1202 mansuetior
1360 1166 1451 1201 mihi
1471 1177 1597 1215 postea
1616 1172 1718 1202 visus.
1746 1167 1819 1202 Sed

204 1225 338 1266 pariter
361 1234 403 1255 ac
426 1221 491 1255 ille
515 1235 552 1256 se
574 1222 774 1270 colligens,
798 1223 929 1268 hyeme
951 1228 1099 1270 utique,
1124 1233 1160 1258 et
1186 1233 1296 1271 capnt
1319 1229 1413 1258 intra
1436 1223 1553 1259 vellus
1578 1223 1816 1258 abscondens.

277 1276 371 1310 Mihi
391 1276 610 1311 Buffoniana
639 1278 753 1324 figura
781 1292 858 1312 non
885 1284 969 1313 satis
997 1279 1140 1325 gracilis
1161 1279 1375 1324 videbatur,
1405 1290 1442 1315 et
1463 1293 1598 1315 novam
1626 1280 1818 1315 delinean-

204 1331 291 1365 dam
317 1337 438 1364 curavi
468 1331 735 1367 Schreberiano
758 1339 861 1380 operi
888 1340 1073 1369 insertam.
1105 1335 1136 1369 E
1166 1341 1350 1371 contrario
1377 1337 1555 1371 Vosmaer
1581 1336 1819 1372 Buffonianae

203 1386 340 1432 figurae
370 1384 525 1429 objecit,
556 1397 638 1419 eam
662 1398 741 1418 non
768 1391 853 1419 satis
881 1394 1044 1418 torosam
1071 1396 1167 1428 esse,
1200 1397 1231 1419 v.
1258 1385 1369 1431 Blzffi
1393 1386 1527 1433 Suppl.
1552 1388 1645 1422 VII.
1672 1403 1711 1436 p.
1742 1398 1816 1433 ¹04·

201 1453 290 1489 ergo
311 1440 369 1475 vel
389 1446 577 1476 varietates
591 1446 732 1475 ratione
752 1446 1002 1489 proportionis
1023 1439 1179 1486 dantur,
1199 1440 1259 1476 vel
1281 1441 1441 1478 diversae
1456 1449 1594 1490 species
1614 1444 1816 1494 aliquando

201 1496 496 1545 distinguendae.

276 1556 334 1589 Ex
369 1563 447 1588 tota
472 1553 719 1602 descriptione
745 1566 857 1602 quam
881 1554 972 1589 mihi
999 1553 1101 1590 dedit
1126 1554 1313 1590 Mei-ianus
1337 1555 1550 1593 Basileensis
1578 1565 1713 1607 speciei
1738 1574 1758 1596 a
1779 1574 1816 1597 se

203 1610 320 1655 altae,
349 1610 439 1645 haec
466 1609 554 1646 fuit:
583 1616 665 1646 satis
689 1610 819 1646 docilis
840 1621 876 1646 et
900 1613 1026 1657 jocosa
1046 1610 1131 1655 fuit;
1155 1625 1263 1660 saepe
1287 1612 1446 1649 libertati
1465 1615 1606 1650 reddita
1628 1622 1666 1651 in
1685 1617 1816 1654 arbore

203 1677 455 1712 commorata,
489 1677 525 1703 et
550 1673 589 1702 in
616 1667 760 1702 stabulo
786 1667 849 1703 ubi
877 1668 1146 1703 domunculum
1174 1669 1325 1715 habuit,
1358 1683 1426 1706 nec
1457 1682 1580 1707 tamen
1608 1684 1662 1708 sat
1692 1675 1815 1722 tepide

203 1723 336 1759 cubare
356 1723 422 1758 sibi
446 1729 542 1769 visa,
568 1723 677 1760 felem
697 1737 741 1759 eo
762 1725 906 1773 adegit,
927 1731 1109 1760 incertum
1132 1726 1263 1774 quibus
1284 1728 1435 1774 mediis,
1457 1739 1497 1764 ut
1520 1742 1604 1764 cum
1626 1731 1755 1767 catulis
1777 1738 1816 1767 in

201 1787 313 1829 ipsius
334 1780 496 1816 casulam
521 1781 762 1830 demigraret,
791 1792 825 1817 et
847 1784 949 1829 juxta
971 1787 1114 1817 simiam
1134 1782 1294 1819 cubaret.

274 1840 409 1873 Nimiis
433 1837 604 1873 exhibitis
624 1838 845 1874 saccharatis
865 1849 1015 1874 enecata
1041 1849 1104 1874 est.

274 1897 378 1931 Haec
392 1900 468 1930 sine
485 1895 617 1941 dubio,
633 1909 726 1944 quae
742 1902 779 1931 in
797 1896 914 1945 epulis
926 1901 1086 1944 expetita
1101 1923 1109 1940 ,
1130 1894 1401 1932 Stedmannum
1416 1898 1641 1945 intuebatur,
1661 1909 1696 1936 et
1712 1908 1813 1950 quasi

200 1958 387 2002 gigantem
416 1964 501 1988 suae
528 1958 644 2000 gentis
667 1959 790 1989 mirari
813 1953 1012 1989 videbatur.
1044 1953 1149 1998 Quae
1169 1953 1282 2001 globo
1301 1954 1478 2003 plumbeo
1503 1957 1652 2002 trajecta
1671 1956 1811 1994 blando

201 2020 351 2059 aspectu
384 2020 420 2045 et
452 2015 555 2058 quasi
584 2016 694 2046 vitam
726 2010 926 2058 deprecans
950 2020 987 2046 et
1014 2009 1269 2045 crudelitatem
1298 2012 1522 2060 exprobrans
1547 2013 1654 2047 illum
1681 2019 1812 2050 intuita

201 2079 262 2103 est.
291 2081 321 2104 v.
344 2067 569 2102 Scedmczntz
593 2066 690 2114 Voy.
712 2081 766 2102 (ιιι
787 2068 988 2104 Surinam.
1015 2068 1046 2102 I.
1063 2081 1100 2115 p.
1123 2080 1203 2114 2¹7·
1230 2069 1375 2104 Tamen
1396 2082 1431 2118 p.
1450 2082 1530 2105 221.
1557 2070 1705 2105 dorsum
1730 2080 1810 2106 tan-

201 2135 279 2160 tum
301 2130 446 2173 nigrum
474 2136 560 2159 suae
579 2123 761 2159 adscribit.

273 2184 374 2219 Haec
393 2182 539 2220 videtur
556 2186 666 2216 etiam
685 2181 950 2218 Mamnoncla
971 2181 1068 2218 dicta
1080 2193 1257 2230 ,magna,
1276 2187 1398 2230 nigra,
1416 2181 1522 2219 facile
1541 2195 1809 2220 mansuescens

209 2237 332 2274 Ulloa
356 2242 447 2278 ltin.
465 2255 502 2290 p
527 2240 601 2290 169.
622 2251 720 2278 vers
742 2251 865 2290 genn.
