2054 2748
787 166 1211 195 MAMMALIA.
1743 154 1796 209 57

243 258 481 293 Lonicemm
499 251 759 302 caprifolium
771 259 991 299 aspernatur.
1007 250 1034 284 F
1038 262 1119 285 ame
1138 257 1286 284 coaetus
1305 257 1430 283 tamen
1445 246 1617 285 absumsit
1635 250 1793 285 tandem.

195 314 417 362 Juglandem
436 312 525 348 nido
545 324 610 346 suo
635 309 784 359 quidem
801 306 945 351 intulit,
961 307 1024 341 sed
1048 319 1125 341 non
1145 311 1282 341 arrosit.

265 370 429 407 Exhibui
447 379 573 419 postea
591 379 777 417 papaver
795 365 1082 411 sommsermn,
1111 363 1244 399 lilium
1263 361 1528 408 bulbiscrmn,
1549 362 1793 407 candidum,

195 427 544 463 hemerocallidem
556 426 747 472 flavam,
764 422 1102 462 trades-cantiam,
1119 419 1417 467 globnlariam,
1434 418 1663 466 hypericum
1683 433 1794 465 ascy-

195 497 304 527 rmn,
330 484 466 518 sedam
488 480 730 528 celephium,
760 490 848 525 ,ςνη9
849 480 980 513 mium
1007 476 1240 515 elasam-‚mn
1269 475 1513 511 Solummodo
1540 474 1796 511 hemeiocalli-

193 540 247 575 dis
267 550 303 576 et
324 541 584 575 tradescantiae
609 540 835 570 summitates
864 534 997 569 florum
1020 533 1191 569 nondum
1221 544 1466 581 expansorum
1498 532 1682 568 absumsit.
1724 532 1797 568 Sed

192 596 308 633 altero
331 609 440 631 mane
458 598 582 628 omnia
604 592 713 628 simul
732 603 816 628 cum
835 591 960 628 multis
978 602 1237 640 asparagorum
1257 589 1349 625 albis
1368 589 1465 625 duris
1487 589 1718 638 portionibus
1734 601 1796 623 co-

193 665 317 689 mesta.
343 654 440 687 Nam
454 650 603 699 plurimi
621 649 693 685 cibi
711 649 850 685 animal
865 659 928 685 est.

266 709 363 743 Tum
383 713 594 756 propositae
616 716 810 755 sequentes
841 706 1010 755 plantae:
1038 705 1104 740 flos
1128 705 1281 752 tulipae
1291 731 1304 747 ,
1328 702 1542 751 hyacinthi
1561 704 1797 745 monstrosi,

189 765 389 813 plantago
420 767 574 812 major,
601 763 894 811 chenopodium
913 763 1075 805 album,
1101 762 1316 797 oenoclzera
1345 761 1523 803 biennis,
1548 760 1798 807 polygonum

191 821 474 906 ξονιυοίξιιῖιις.
501 823 607 868 Quae
626 827 751 856 omnia
776 820 952 870 postlidie
974 819 1141 856 absumta
1167 828 1276 864 sunt,
1308 828 1345 854 et
1372 823 1531 866 primum
1560 817 1713 865 quidem
1732 816 1799 851 flos

216 881 338 916 yacmt
367 885 377 904 1

264 927 473 961 Paeoniae
492 926 621 961 florem
639 938 718 961 non
733 930 801 960 nisi
819 937 962 960 summa
982 925 1132 961 adactus
1151 925 1246 960 fame
1261 923 1431 960 arrodere
1446 926 1580 970 coepit.

264 982 467 1030 Sequentes
499 982 647 1030 plantae
678 981 884 1017 exhibitae:
922 985 1157 1017 macricuria
1189 980 1448 1029 parthenium
1468 1006 1481 1021 ‚
1508 989 1638 1027 parum
1667 988 1798 1012 arrosa.

190 1038 403 1087 Amorplm
419 1039 623 1085 fruticosa
648 1038 796 1087 placuit.
826 1038 971 1073 Carum
994 1042 1109 1074 carmi
1130 1047 1216 1073 ante
1241 1050 1369 1072 omnes
1388 1036 1477 1072 alias
1497 1045 1673 1071 voratum.
1693 1034 1801 1081 Phy-

191 1095 289 1130 salis
310 1094 519 1143 alkelsengi
538 1103 574 1130 et
596 1097 812 1142 impaciens
831 1095 917 1131 noli
930 1104 1094 1143 tangere
1108 1105 1244 1132 vorata.
1263 1096 1394 1129 Arum
1411 1093 1595 1128 italicum
1610 1103 1801 1140 nunquam

191 1157 320 1199 tetigit.
351 1151 521 1199 Glycine
548 1155 663 1200 apios
682 1162 818 1188 vorata.
844 1153 1028 1188 Lunaria
1054 1165 1196 1188 annua
1221 1151 1340 1187 adesa.
1370 1149 1597 1186 Oenoclzera
1621 1148 1798 1189 biennis,

191 1207 278 1243 folia
300 1218 513 1253 consumta,
540 1222 619 1244 non
643 1209 756 1245 caulis
775 1222 897 1257 neque
921 1209 1034 1244 radiX.

263 1266 397 1300 Rursus
411 1265 484 1300 alio
506 1265 621 1300 modo
636 1278 801 1300 mensam
819 1271 929 1312 ipsius
950 1270 1102 1299 instruxi
1118 1277 1124 1298 :
1147 1264 1285 1297 rhemn
1304 1261 1591 1297 rlzaharbamm
1610 1265 1798 1294 intactum.

192 1321 401 1356 Heucheza
424 1323 659 1355 ame-ricana
690 1327 837 1356 intacta
865 1321 1032 1355 Senecio
1058 1319 1242 1366 ‘vulgaris
1267 1324 1436 1353 intactus.
1467 1316 1687 1350 Geram'um
1715 1328 1801 1349 ma-

192 1377 338 1422 crophy
340 1377 440 1409 llum
461 1382 652 1408 intactum.
680 1376 959 1406 Chelidonium
985 1375 1196 1418 glauciam
1223 1374 1351 1406 leviter
1378 1383 1550 1405 a1rosum.
1578 1371 1634 1405 Sa
1636 1372 1727 1415 cist·
1719 1384 1801 1418 7ga

191 1433 367 1473 hirsuta,
406 1430 511 1465 flores
544 1428 713 1464 absumti.
740 1428 893 1464 Malva
919 1427 1122 1477 sylvestris
1153 1439 1310 1462 comesa.
1360 1427 1582 1461 Centaurea
1603 1435 1801 1462 montana

191 1499 276 1525 ante
297 1500 435 1523 omnes.

547 1569 710 1613 MUS
761 1566 1223 1612 SORICINUS.
1285 1566 1445 1610 Nobis.

269 1667 409 1704 Cana'a
435 1666 624 1703 mediocri
644 1665 846 1714 subpilosa
865 1694 873 1706 ‚
903 1674 1024 1700 rostro
1042 1664 1305 1711 subprodncco
1323 1693 1331 1706 ,
1352 1664 1505 1712 palmis
1527 1663 1800 1711 tetradacbylis

193 1738 284 1761 cum
311 1725 513 1760 tuberculo
545 1724 762 1770 pollicari,·
795 1722 949 1770 plancis
975 1721 1274 1771 pentadaccylis
1294 1737 1311 1764 ,·
1347 1721 1539 1756 azcn'culis
1571 1721 1802 1756 orbiculatis

191 1784 347 1819 vestitis
362 1796 379 1822 ,·
403 1780 563 1815 velleris
577 1780 690 1814 dozso
701 1780 934 1826 slavicance
954 1792 1095 1827 gryseo
1110 1807 1120 1821 ,
1144 1778 1361 1814 abdomine
1384 1779 1532 1814 albido.

262 1839 298 1872 A
315 1839 366 1873 D.
386 1835 476 1871 Gall
501 1837 598 1883 1778.
625 1835 696 1871 fine
724 1835 896 1871 Octobris
919 1848 1075 1884 magnae
1095 1836 1347 1872 inundationis
1371 1846 1537 1885 tempore
1558 1848 1604 1871 ex
1631 1840 1800 1871 extremis

190 1894 287 1931 urbis
305 1893 623 1929 fortificationibus
642 1898 739 1930 vivus
759 1893 913 1928 domum
934 1903 1149 1942 reportatus.

240 1953 522 1987 Dimensiones
534 1956 572 1985 in
586 1960 733 1985 recente
746 1950 881 1986 factae:
895 1950 1126 1999 Longicudo
1140 1960 1217 1986 tota
1233 1960 1392 1999 quatuor
1405 1949 1586 1999 pollicum
1600 1959 1635 1985 et
1650 1948 1798 1985 dimidii.

194 2008 357 2044 Cazcdae
370 2007 482 2043 solius
502 2007 660 2043 duorum
676 2006 856 2056 pollicum
871 2035 879 2053 ,
895 2013 1005 2044 trium
1023 2007 1213 2043 linearum.
1230 2009 1344 2044 Tarsi
1360 2013 1569 2057 posterioris
1584 2019 1667 2041 cum
1682 2006 1799 2051 digitis

192 2077 256 2100 sex
272 2065 452 2100 linearum
474 2076 558 2099 cum
579 2064 739 2100 dimidia.
759 2065 863 2100 Tarsi
882 2070 1072 2100 anterioris
1086 2078 1171 2100 cum
1186 2066 1305 2113 digitis
1320 2071 1426 2100 trium
1440 2065 1628 2100 linearum.
1646 2064 1798 2096 Diame-

192 2131 247 2157 ter
268 2122 512 2157 auricularum
539 2127 650 2157 trium
671 2121 863 2157 linearum.
885 2122 1072 2157 Distantia
1095 2121 1224 2157 baseos
1243 2122 1487 2158 auricularum
1510 2130 1666 2169 quatuor
1684 2117 1798 2152 linea-

192 2190 283 2213 rum.
309 2179 343 2212 A
362 2185 563 2227 posteriore
587 2185 752 2227 margine
781 2179 966 2214 auriculae
997 2178 1045 2213 ad
1073 2179 1250 2214 canthum
1275 2179 1373 2214 oculi
1401 2184 1636 2228 posteriorem
1658 2183 1798 2222 septem

194 2233 326 2270 lineae.
352 2237 492 2271 Fissura
513 2236 709 2272 oculorum
733 2242 841 2272 unius
864 2236 984 2271 lineae
1006 2245 1043 2271 et
1069 2235 1250 2272 dimidiae.
1279 2237 1312 2271 A
1336 2236 1472 2272 cantho
1498 2232 1597 2268 oculi
1616 2236 1799 2268 anteriore
