2054 2748
807 167 1195 197 MAMMALIA.
1746 161 1800 218 59

200 252 350 288 dorsum
375 258 488 299 magis
520 251 640 286 rusum
676 262 786 300 quam
804 256 843 286 iu
864 252 994 296 majori
1017 258 1147 300 specie.
1174 252 1312 287 Venter
1330 250 1444 286 albus.
1472 253 1623 289 Colores
1647 256 1744 292 dorsi
1763 268 1799 294 et

198 316 331 345 ventris
351 309 446 344 linea
475 322 539 357 per
560 318 754 357 utrumque
772 308 869 342 ‚latus
893 307 1003 342 chicta
1032 315 1210 343 terminat.

271 368 324 401 Ita
345 366 394 401 D.
413 367 530 400 Mzm
550 371 587 400 in
617 371 789 401 versione.
818 364 977 411 Anglicc
996 363 1186 400 historiam
1207 366 1282 412 ejus
1302 365 1403 401 dedit
1420 366 1612 402 Permane
1629 374 1666 403 in
1685 371 1798 405 Zool.

199 422 281 457 bric.
304 426 351 457 8-0
384 423 482 469 1768.
511 423 551 457 Τ.
579 424 633 457 II.
656 422 837 467 Appeml.
862 435 897 468 p.
920 422 998 467 478.
1024 428 1101 467 495).

271 479 364 513 Mihi
396 478 443 513 ob
472 481 648 524 majorem
676 486 850 512 staturam
878 487 914 511 et
941 476 1078 511 lineam
1107 476 1292 513 lateralem
1328 489 1557 528 rostrumque
1594 482 1695 529 quod
1724 496 1798 517 uon

198 545 345 570 acutum
371 548 446 569 esse
470 535 633 578 videtur,
661 545 775 581 quum
800 539 838 569 iu
859 546 943 569 meo
970 539 1093 569 statim
1113 539 1151 568 in
1180 536 1307 571 oculos
1333 536 1461 584 cadat,
1487 549 1507 572 a
1532 550 1616 573 mco
1641 545 1797 575 soricino

197 592 355 629 diversus
381 603 455 628 esse
476 589 626 627 videtur.

630 680 791 724 MUS
839 681 1367 726 TERRESTRIS.

266 771 323 806 Le
351 771 598 807 Sdzermczzcs.
637 774 764 821 Inepte
798 773 1055 809 denominatus
1088 773 1307 809 Scherman
1342 781 1379 809 in
1411 775 1599 822 Buffom‘i
1634 776 1798 825 Supple-

194 831 348 863 mencc's.
376 828 598 877 Scripseram
618 829 857 867 Sclzermazcs
871 859 883 873 ‚
911 844 1029 879 eoque
1051 837 1202 866 nomine
1220 838 1389 867 miseram
1409 832 1590 867 Buffonio.
1618 834 1690 868 Sed
1715 847 1801 868 mu-

194 898 275 919 rem
300 894 512 920 terrestrem
531 887 649 921 Limz.
672 899 746 921 esse
771 888 1002 934 persuadeor.
1030 890 1134 923 Meus
1164 895 1337 924 terrestris
1364 895 1504 937 optime
1535 902 1620 923 cum
1648 892 1802 925 Liimaei

193 941 409 975 definitione
430 952 464 976 et
493 943 740 990 descriptione
765 951 947 980 convenit.

265 998 484 1044 Magnitudo
505 1005 614 1033 muris
634 1006 726 1034 ratti.
753 1001 868 1035 Pedes
888 1001 968 1036 fissi.
997 1002 1140 1036 Dentes
1160 1007 1281 1036 crocei
1301 1001 1421 1037 validi.
1439 1002 1659 1050 Magnitudo
1678 1009 1800 1038 minor

191 1067 303 1103 quam
328 1061 497 1102 aquatico
518 1055 700 1102 Buffonst,
728 1066 763 1092 et
777 1058 892 1093 cauda
913 1057 1057 1093 brevior
1070 1070 1181 1107 quam
1200 1058 1274 1105 illi,
1301 1070 1359 1092 mc
1378 1071 1456 1093 non
1470 1064 1595 1094 sinunt
1610 1059 1709 1094 hunc
1731 1072 1798 1108 pro

190 1111 256 1146 illo
276 1111 422 1146 habere.

265 1169 300 1203 A
318 1170 400 1204 Rae
419 1169 538 1204 cl’eau
560 1170 681 1206 differt
705 1177 853 1220 utique:
885 1172 1001 1207 cauda
1021 1172 1186 1208 breviore
1202 1202 1210 1217 ‚
1238 1173 1365 1208 colore
1390 1173 1551 1222 pilorum
1578 1173 1653 1208 basi
1674 1179 1777 1220 nigro
1790 1182 1801 1215 ‚'

192 1238 270 1259 non
296 1231 440 1259 cinereo
461 1237 497 1261 et
512 1227 629 1262 multo
657 1229 757 1275 quod
777 1229 895 1263 adfert
918 1229 1116 1273 majoribus
1140 1230 1321 1264 radicibus
1346 1231 1482 1264 damno
1499 1257 1508 1274 ‚
1536 1230 1581 1264 de
1611 1242 1685 1277 quo
1707 1228 1800 1263 nihil

192 1281 302 1316 habet
322 1281 529 1325 Bufsonius,
556 1295 575 1316 e
597 1290 779 1317 contrario
803 1284 1026 1331 quandoque
1050 1294 1192 1318 tantum
1209 1284 1389 1318 radicibus
1410 1290 1504 1318 vesci
1524 1286 1632 1329 ajens.

264 1340 343 1384 Ego
367 1338 627 1384 posterioribus
650 1339 704 1372 his
734 1340 959 1384 temporibus
997 1339 1154 1382 dubim,
1189 1354 1236 1373 au
1270 1350 1396 1373 noster
1424 1349 1550 1373 rabbus
1583 1342 1797 1386 aquaticus

192 1395 292 1440 (mus
311 1391 538 1440 amphibius)
560 1404 636 1425 non
658 1391 720 1425 ille
741 1392 890 1439 quidem
911 1404 957 1425 m.
980 1391 1227 1425 decumanus
1242 1392 1410 1435 Pallam,
1438 1394 1502 1427 sed
1517 1406 1625 1441 quem
1647 1408 1798 1430 murem

191 1458 403 1486 terrestrem
421 1449 538 1483 Linn.
561 1460 636 1482 esse
656 1453 779 1482 omnia
800 1448 975 1491 suadent,
1002 1452 1047 1482 sit
1070 1448 1152 1481 Rae
1177 1447 1305 1482 (Z'Eazc
1331 1448 1500 1483 Buffonii.

268 1522 293 1541 1.
333 1507 428 1552 Quia
455 1505 547 1539 adeo
577 1510 725 1552 irisIguis
756 1504 1017 1552 magnitudinis
1053 1503 1152 1551 quali
1183 1510 1292 1539 istum
1328 1504 1562 1551 describunt,
1606 1520 1796 1556 nunquam

191 1565 357 1600 obtinere
383 1567 486 1610 potui
507 1590 515 1606 ‚
551 1574 665 1610 quum
687 1572 810 1597 tamen
830 1567 938 1596 vicies
958 1560 1147 1594 habuerim
1163 1589 1171 1605 ‚
1198 1571 1235 1596 et
1258 1560 1362 1596 ultra.

262 1635 292 1656 2.
320 1621 414 1666 Quia
426 1618 632 1663 Buffonius,
649 1624 707 1652 cui
721 1625 907 1666 specimen
922 1622 1023 1662 misi,
1050 1629 1127 1651 nou
1138 1624 1308 1664 agnovit,
1335 1618 1399 1653 sed
1420 1625 1571 1654 nomine
1589 1619 1794 1657 Schcrman

189 1680 378 1725 descripsit
405 1685 441 1710 et
468 1675 694 1710 delineatum
714 1675 825 1710 dedit.

260 1737 443 1768 Convenit
461 1741 584 1766 tamen
599 1759 607 1774 ,
635 1731 769 1775 fateor,
797 1730 934 1764 caudae
960 1735 1117 1765 tenuitas
1137 1739 1171 1765 et
1191 1731 1443 1778 mediocritas,
1463 1734 1706 1769 auricularum
1730 1736 1796 1770 sub

186 1790 322 1829 vellere
339 1788 638 1824 absconditarum
659 1787 831 1832 brevita53
859 1787 982 1831 color,
1002 1791 1064 1834 qui
1084 1797 1207 1822 tamen
1229 1794 1266 1823 in
1290 1801 1373 1824 meo
1395 1790 1611 1826 Schermaus
1629 1792 1795 1841 aliquan-

190 1859 268 1884 tum
293 1852 413 1882 variat.

262 1906 385 1938 Etiam
409 1902 495 1936 D.na
519 1901 706 1937 Roederer
723 1908 935 1937 asseveravit
958 1901 1079 1945 fratri,
1108 1902 1258 1949 praedio
1282 1903 1485 1952 Rupertino
1506 1911 1654 1954 reperiri
1676 1918 1792 1940 mures

190 1960 362 1995 arborum
382 1959 519 1994 radices
542 1958 753 1994 ari-orientes
774 1988 781 2005 ,
808 1959 950 1995 coloris
979 1959 1118 2008 pallide
1138 1965 1244 2006 grisei
1265 1988 1273 2006 ,
1300 1970 1336 1996 et
1355 1964 1526 2008 majores
1547 1969 1676 1998 nostris
1694 1968 1792 1998 ratris

189 2017 406 2052 domesticis.

261 2075 357 2108 fisus
386 2073 613 2120 tzmplzibizcs
642 2086 753 2122 quem
778 2075 920 2109 Parisiis
955 2073 1122 2119 obtinui,
1155 2083 1290 2110 statura
1316 2075 1560 2125 omnibusque
1588 2077 1685 2112 idem
1709 2089 1792 2111 cum

192 2140 275 2162 meo
296 2129 533 2175 Schermaus,
560 2135 629 2164 nisi
658 2131 760 2178 quod
779 2131 884 2165 color
902 2131 1092 2178 aliquanto
1117 2137 1231 2178 magis
1258 2132 1304 2166 ad
1329 2132 1447 2167 rufum
1472 2140 1594 2180 vergit.

265 2183 316 2219 Cf.
343 2198 436 2233 quae
456 2187 501 2220 de
521 2199 656 2233 magno
689 2200 792 2222 mure
818 2193 988 2235 aquatico
1012 2186 1089 2221 rufo
1114 2188 1161 2222 ad
1180 2188 1349 2223 Rhenum
1380 2200 1415 2225 et
1444 2189 1676 2224 Schutteram
1702 2189 1791 2226 dicit

196 2239 377 2274 Camerer
392 2241 768 2290 Lanclwirclcsclmfi.
787 2243 1082 2292 Beschreibung
1097 2258 1180 2280 ‘von
1204 2246 1447 2281 Iclzeaezlaeim.
1470 2260 1506 2292 ρ.
1528 2259 1583 2293 77.

1410 2304 1446 2336 H
1477 2315 1499 2337 2
