2054 2748
244 165 327 196 200
627 151 1099 189 OBSERVATIONES
1146 152 1505 182 ZOOLOGICAE.

245 260 332 285 esse.
353 249 396 282 In
414 244 546 294 amplis
565 243 787 294 planitiebus
808 250 1026 285 occurrere,
1046 243 1157 274 etiam
1177 236 1295 272 adulti
1315 248 1464 272 carnem
1479 235 1678 273 delicatam
1698 247 1791 283 esse,
1805 248 1861 271 re-

245 305 330 343 tulit
349 305 525 352 Princeps
544 299 747 349 Sangusko.

320 363 401 398 Ova
419 362 493 397 duo
514 359 676 395 olivacea
695 352 1010 390 fusco-maculata.
1035 351 1141 388 Talia
1157 350 1247 386 mihi
1267 362 1313 386 ex
1329 350 1533 399 Thuringia
1554 357 1672 387 missa.
1699 349 1863 387 Pallide-

248 420 412 456 olivacea
432 428 467 454 et
486 425 662 467 punctata
681 413 770 449 dicit
790 412 985 447 Kleinius.
1007 409 1082 445 Sed
1098 415 1137 444 in
1151 418 1309 444 tractatu
1328 409 1405 455 ejus
1421 408 1467 443 de
1486 407 1612 444 avibus
1631 420 1710 444 non
1727 418 1864 457 puncta

247 478 311 514 sed
327 476 493 512 maculae
508 484 543 509 et
558 473 688 508 liturae
706 471 840 506 adsunt
853 484 862 514 3
876 474 914 504 in
933 477 1037 503 textu
1052 466 1200 502 sordide
1213 464 1296 501 alba
1308 494 1317 511 ,
1343 470 1647 511 cinereo-mixta,
1670 477 1866 514 parumper

249 534 351 570 fellei
372 533 505 568 coloris
528 529 623 565 facit.
652 531 695 564 In
714 530 960 575 Wirsingiano
981 524 1076 561 libro
1100 523 1413 559 albo-ssavicantia
1436 532 1544 568 sunt,
1567 527 1713 571 punctis
1739 534 1865 559 macu-

250 592 367 641 lisque
383 591 489 626 fuscis
505 588 696 624 distinctis.

697 671 1039 718 TETRAO
1088 669 1410 714 PERDIX.

321 763 525 797 LxNNAEus
548 765 587 795 in
611 758 709 795 Edit.
737 759 818 794 XII.
848 760 1017 792 rectrices
1045 755 1258 791 octodecim
1280 753 1464 790 adscribit.
1491 752 1565 787 Sed
1594 751 1729 801 adsunt
1752 751 1867 788 modo

252 819 450 856 duodecim
469 818 834 866 ferrugineae,apice
853 824 889 849 et
904 818 1067 861 margine
1081 818 1256 848 interiore
1276 821 1434 860 quatuor
1448 809 1750 846 intermediarum
1769 815 1870 844 cine-

251 889 313 913 reo
337 875 530 911 undulato¹
559 874 632 910 Sed
660 879 828 910 tectrices
859 870 997 906 caudae
1029 875 1234 919 superiores
1259 874 1408 904 cinereo
1433 866 1636 902 undulatae
1666 866 1870 915 productae

251 944 336 971 sunt
354 945 470 982 usque
491 933 538 968 ad
562 932 701 968 caudae
723 936 884 979 apicem,
907 927 1007 964 unde
1028 929 1214 962 Linnaeus
1235 931 1348 961 etiam
1366 937 1434 974 pro
1454 923 1666 960 rectricibus
1684 922 1823 959 habuit.

426 1026 800 1072 COLUMBA
847 1019 1491 1079 TRANQUEBARICA.
1537 1019 1701 1063 Nobis.

326 1112 456 1146 Dorso
477 1117 712 1157 pectoreque
738 1109 940 1147 vinaceo,
972 1106 1105 1150 capite
1128 1105 1309 1144 cinereo,
1330 1102 1409 1136 alis
1431 1103 1581 1148 nigris,
1606 1101 1742 1136 cauda
1763 1110 1873 1137 satu-

255 1178 339 1205 ναῖε
359 1171 516 1202 cinerea
529 1195 539 1209 ,
561 1164 706 1200 lunula
730 1160 924 1198 cervicali
943 1162 1072 1208 nigra.

327 1227 458 1273 Neque
482 1222 670 1271 Buffonius
684 1232 806 1269 neque
819 1217 1014 1254 Gmelinus
1029 1216 1151 1252 habet.
1173 1216 1287 1252 Missa
1307 1227 1353 1250 ex
1365 1214 1643 1264 Tranquebaria
1659 1227 1681 1251 a
1701 1215 1874 1252 Rottlero

256 1282 404 1331 (¹794.)
432 1281 503 1316 ΑΟ.
526 1281 557 1315 ὅ.

329 1340 455 1374 Minor
474 1335 650 1372 columba
669 1340 804 1370 risoria.
822 1336 920 1369 Basis
940 1331 1079 1367 caudae
1103 1336 1224 1378 nigra,
1244 1339 1285 1365 ut
1306 1335 1345 1365 in
1364 1335 1499 1365 risoria.
1526 1332 1655 1366 Cetera
1674 1335 1799 1366 omnia
1818 1343 1875 1366 sa-

259 1400 434 1431 turatiora
451 1405 562 1441 quam
577 1399 615 1426 in
631 1397 767 1426 risoria.
788 1390 903 1424 Color
917 1397 1074 1424 saturate
1092 1392 1264 1422 vinaceus
1285 1386 1359 1432 (lie
1380 1386 1429 1421 de
1445 1386 1551 1434 vin.)
1576 1387 1687 1422 Duae
1706 1380 1876 1423 rectrices

258 1450 499 1487 intermediae
518 1447 752 1497 pallidiores,
774 1444 950 1481 uniformi
973 1443 1111 1478 colore.

335 1550 372 1585 Si
393 1548 552 1585 Buffonii
573 1552 754 1583 sententia
773 1558 856 1581 vera
874 1555 946 1590 est,
966 1545 1040 1580 duo
1061 1545 1256 1591 animalia,
1280 1557 1376 1594 quae
1397 1550 1555 1582 invicem
1577 1544 1802 1583 foecundam
1820 1559 1880 1583 so-

261 1608 390 1644 bolem
417 1615 614 1655 generant,
636 1604 800 1651 ejusdem
825 1615 900 1637 esse
922 1607 1076 1650 speciei,
1096 1615 1175 1637 non
1199 1615 1276 1638 esse
1297 1608 1326 1637 si
1345 1613 1494 1647 contra3
1526 1612 1614 1638 tunc
1635 1613 1671 1639 et
1690 1604 1881 1640 columba

263 1665 470 1701 cucullata
498 1673 534 1697 et
562 1661 734 1698 tremula
758 1674 835 1696 non
859 1670 966 1695 erunt
992 1660 1153 1695 diversae
1176 1665 1326 1708 species.
1355 1659 1539 1695 Columba
1565 1666 1664 1695 enim
1695 1661 1881 1697 cucullata

262 1723 360 1759 fulva
390 1727 509 1770 capite
535 1719 621 1755 albo
652 1717 835 1764 mascula,
869 1722 1007 1752 sociata
1031 1717 1210 1752 tremulae
1233 1716 1435 1765 plurimum
1456 1717 1563 1752 albae
1585 1723 1712 1766 genuit
1739 1718 1880 1767 pullos,

264 1793 422 1831 quorum
442 1792 518 1814 mas
538 1783 630 1827 patri
645 1776 769 1812 similis
783 1805 791 1821 ,
817 1782 855 1811 in
874 1775 974 1810 collo
991 1774 1121 1810 habuit
1139 1775 1303 1823 aliquem
1324 1773 1563 1823 splendorem
1579 1787 1598 1809 e
1616 1775 1720 1810 viridi
1740 1782 1882 1811 varian-

265 1849 360 1881 tem3
376 1835 521 1871 femella
542 1845 666 1870 autem
685 1847 704 1869 a
727 1843 830 1883 patre
851 1832 1018 1867 colorem
1037 1831 1178 1866 fulvum
1198 1842 1235 1867 et
1254 1841 1365 1880 caput
1379 1831 1506 1867 album
1520 1832 1583 1867 sed
1597 1832 1734 1880 absque
1754 1840 1883 1882 pennis

266 1895 428 1939 reflexis,
455 1906 473 1928 a
494 1902 609 1927 matre
627 1891 720 1926 nihil
740 1891 786 1926 de
807 1889 946 1934 cauda,
967 1888 1033 1924 sed
1051 1888 1193 1937 aliquid
1215 1889 1261 1924 de
1279 1889 1434 1938 pedibus
1457 1889 1668 1935 altioribus,
1688 1890 1788 1925 collo
1811 1901 1882 1927 tre-

267 1952 394 1996 mulo,
416 1961 451 1985 et
471 1961 676 1999 pennarum
695 1947 823 1983 colore
840 1954 1003 1983 variante
1023 1944 1164 1981 habuit.
1192 1948 1425 1996 Uropygium
1441 1946 1614 1983 album'a
1634 1958 1750 1984 matre
1769 1949 1881 1985 ambo

268 2008 486 2046 habuerunt.
509 2009 557 2042 Hi
577 2013 709 2042 iterum
728 2005 864 2041 similes
883 2010 938 2040 sui
958 2012 1175 2052 genuerunt.

650 2092 993 2137 ALAUDA
1041 2090 1298 2135 PICTA.
1344 2092 1505 2136 Nobis.

345 2179 498 2214 Pennis
519 2177 702 2226 plurimis
716 2205 727 2221 ,
748 2175 963 2225 remigibus
984 2172 1288 2221 reccricibzcsque
1307 2175 1490 2221 margine
1510 2171 1602 2208 albo
1624 2175 1787 2217 cinctis,
1803 2173 1883 2209 col-

275 2236 351 2272 lari
373 2235 478 2272 albo.
