2054 2748
282 147 366 203 5¹4
644 148 1134 184 OBSERVATmNEs
1167 147 1544 179 zooLootcAE.

284 247 427 278 circiter
449 242 576 287 viginti
595 248 758 287 quatuor*
775 248 840 284 pro
867 240 991 283 quavis
1012 246 1186 283 squama,
1206 239 1244 268 in
1270 238 1368 281 pisce
1392 229 1659 280 sesquipedali,
1686 229 1894 276 obsidetur-‚¹

285 308 412 334 centro
435 295 660 345 quandoque
685 294 770 329 albo
785 320 794 337 ,
821 303 860 327 ut
885 297 1006 340 potius
1034 291 1215 326 annulum
1239 289 1409 324 forment.
1438 289 1496 323 Ad
1520 294 1742 323 anteriorem
1764 292 1895 334 margi-

284 368 371 390 nem
392 365 565 402 squamae
585 351 677 386 haec
696 358 831 397 puncta
853 348 1048 384 deficiunt:
1073 352 1281 397 praesertim
1303 351 1339 380 in
1360 345 1560 380 abdomine
1575 372 1584 389 ,
1608 344 1670 379 ubi
1690 349 1799 379 etiam
1818 355 1896 378 ma-

287 412 391 447 culae,
413 410 559 445 albidac
583 412 858 454 conspiciuntur
873 433 882 450 ,
907 417 1000 454 quae
1029 417 1073 439 ex
1097 411 1258 453 quinque
1278 402 1337 438 vel
1367 414 1429 437 sex
1453 406 1613 449 squamis
1628 427 1637 445 ‚
1658 401 1720 435 ubi
1749 412 1895 448 prorsus

286 468 461 505 deficiunt
484 474 642 514 puncta,
663 468 840 497 oriuntur.
867 461 927 496 Ad
952 461 1108 498 limitem
1133 471 1256 497 autem
1278 464 1412 495 ventris
1433 458 1509 493 albi
1533 463 1641 493 series
1667 457 1894 492 macularum

286 538 331 560 ex
351 528 509 572 squamis
533 525 714 569 punctatis¹
740 520 987 555 formatarum.

358 583 428 616 Per
447 577 619 613 maxillae
645 575 825 613 inferioris
844 575 1136 623 longitudinem,
1156 583 1292 622 puncta
1312 572 1496 621 profunde
1520 578 1692 620 impressa
1713 576 1896 618 quinque;

286 648 469 687 praeterea
491 639 611 668 antire
634 633 755 667 adhuc
775 646 868 667 unus
891 638 1064 667 minimus
1079 660 1088 677 ,
1107 631 1171 666 sed
1187 636 1224 665 in
1246 643 1320 665 uno
1344 640 1489 665 tantum
1508 629 1643 674 latere,
1666 638 1706 663 ut
1729 628 1788 662 hic
1803 632 1897 662 acci-

286 693 441 730 dentalis
460 691 573 726 modo
597 702 672 724 esse
687 689 861 724 videatur.

358 753 401 785 In
427 747 578 783 maxilla
601 751 787 794 superiore
804 774 812 790 ‚
833 745 900 780 sub
923 744 1095 790 naribus,
1125 756 1219 792 quae
1247 743 1369 779 media
1389 742 1604 778 membrana
1628 751 1839 790 supertensa
1859 747 1897 775 in

288 809 377 845 duas
391 816 576 854 aperturas
591 809 788 838 exteriores
808 802 1001 847 dividitur,
1016 807 1145 850 incipit
1165 801 1263 836 linea
1281 810 1504 849 punctorum
1523 806 1783 848 impressorum
1803 803 1900 832 simi-

288 866 402 908 lium,
423 861 486 897 sed
502 862 706 907 majorum,
729 872 822 908 quae
840 866 977 894 circum
995 858 1123 893 oculos
1144 858 1318 904 flectitur,
1337 868 1372 893 et
1391 863 1486 892 inter
1501 869 1606 892 nares
1626 857 1768 892 desinit.
1797 857 1899 890 Haec

288 930 426 971 puncta
450 929 603 952 numero
624 916 818 961 tredecim,
838 926 947 964 prout
972 915 1064 951 fiunt
1083 921 1286 964 posteriora
1301 925 1338 950 et
1355 920 1541 963 superiora
1565 920 1696 949 sensim
1716 917 1900 960 magnitu-

290 978 376 1012 dine
396 984 573 1010 crescunt.
601 975 793 1007 Praeterea
813 972 886 1006 duo
907 972 1029 1006 adhuc
1051 972 1122 1006 alia
1143 982 1279 1019 puncta
1301 971 1447 1018 aequali
1466 970 1538 1005 sere
1562 976 1678 1016 spatio
1698 983 1718 1004 a
1743 968 1902 1014 naribus,

290 1046 333 1069 ac
347 1032 415 1066 hae
435 1030 481 1064 ab
501 1028 617 1062 oculis
639 1028 820 1062 distantia.
848 1029 973 1072 Atque
995 1026 1088 1060 hacc
1113 1028 1186 1070 jam
1202 1036 1339 1073 puncta
1362 1031 1400 1059 in
1421 1034 1620 1058 excarnato
1646 1030 1770 1058 cranio
1795 1025 1901 1059 video

289 1097 326 1126 in
347 1100 387 1122 os
406 1096 520 1132 usque
541 1092 741 1131 penetrare.

362 1141 435 1177 Sed
460 1145 621 1174 maxime
643 1144 681 1172 in
700 1146 825 1172 ventre
853 1143 991 1184 puncta
1011 1133 1189 1182 plurima,
1212 1133 1378 1182 pluribus
1401 1133 1562 1169 seriebus
1586 1134 1810 1182 regularibus
1830 1134 1903 1171 dis-

291 1206 427 1250 posita,
442 1194 765 1243 subtriangularia,
780 1192 918 1240 angulo
938 1191 1103 1227 verticali
1115 1219 1123 1236 ,
1137 1196 1321 1226 anteriore
1335 1219 1343 1235 ‚
1357 1189 1570 1226 subobtuso.
1598 1193 1638 1226 In
1654 1191 1777 1226 medio
1797 1191 1903 1239 hujus

291 1261 439 1307 puncti,
459 1260 532 1289 sive
546 1258 668 1301 potius
683 1250 829 1286 areolae
844 1250 1034 1298 depressae
1053 1248 1124 1283 alia
1138 1247 1305 1293 foveola,
1322 1247 1537 1282 membrana
1552 1253 1654 1296 quasi
1673 1260 1739 1283 seu
1760 1248 1906 1285 valwila

291 1321 320 1351 si
348 1314 442 1348 bene
469 1311 613 1357 judico,
639 1308 919 1356 superinducta,
947 1312 985 1341 in
1006 1318 1078 1354 qua
1102 1303 1245 1339 bullula
1269 1308 1375 1338 aerea
1401 1309 1570 1347 minima,
1598 1317 1692 1349 una⁷
1723 1305 1817 1340 duae
1846 1306 1905 1342 vel

292 1382 364 1407 tres
380 1372 663 1416 conspiciuntur.
691 1364 800 1399 Tales
820 1376 896 1399 esse
921 1374 1053 1397 censeo
1067 1389 1076 1407 ,
1095 1367 1180 1409 quia
1201 1360 1336 1407 digito,
1359 1360 1446 1396 licet
1471 1360 1583 1409 paulo
1599 1367 1740 1408 aegrius
1764 1362 1904 1411 detergi

292 1435 456 1478 possunt.

365 1482 425 1518 Ad
443 1491 640 1527 utrumque
663 1477 776 1525 palati
798 1475 892 1510 latus
912 1473 1111 1509 ossiculum
1131 1472 1309 1518 longum,
1329 1477 1470 1519 postice
1483 1482 1734 1519 angustatum,
1752 1474 1904 1521 mobile,

293 1540 419 1577 multis
435 1535 630 1572 denticulis
646 1541 920 1580 exasperatum,
944 1530 991 1565 ad
1006 1534 1208 1576 marginem
1229 1534 1442 1563 interiorem
1457 1529 1675 1574 majoribus,
1692 1535 1786 1564 inter
1799 1543 1905 1579 quae,

294 1598 342 1633 ad
360 1600 504 1643 apicem
522 1590 695 1626 maxillae
718 1594 912 1636 superioris
926 1616 934 1632 ‚
955 1585 1154 1621 ossiculum
1174 1583 1395 1631 triangulare
1409 1612 1417 1628 ,
1438 1585 1605 1620 similiter
1625 1586 1905 1634 (lenticularum,

295 1661 333 1692 in
349 1657 539 1699 regionem
563 1648 757 1691 linearem,
778 1644 938 1679 albidum
953 1672 961 1687 ‚
983 1641 1176 1678 denticulis
1194 1646 1444 1675 minutissimis
1464 1641 1620 1675 obsitam
1634 1669 1642 1685 ,
1667 1642 1846 1680 desinens.

368 1706 514 1743 Orificia
533 1708 736 1739 excretoria
757 1713 925 1738 vasorum
941 1711 1178 1734 mucosorum
1195 1697 1307 1745 figura
1329 1703 1502 1745 expressit
1518 1697 1682 1745 Roberg.
1697 1700 1744 1732 de,
1761 1703 1857 1747 piso.

367 1766 500 1799 Lucios
521 1761 739 1803 Rloenanos,
769 1763 831 1806 qui
854 1762 1048 1806 praecipue
1075 1768 1121 1790 ex
1145 1754 1418 1790 Manhemiensi
1444 1761 1595 1802 regione
1615 1760 1829 1792 semisiccati
1852 1758 1908 1793 di-

296 1820 525 1862 venduntur,
554 1829 675 1851 versus
697 1814 886 1850 inferiores
909 1818 1023 1860 magis
1050 1812 1170 1847 Rheni
1189 1821 1323 1847 tractus
1343 1822 1453 1860 caput
1476 1811 1687 1860 productius
1709 1823 1744 1848 et
1769 1820 1907 1850 acumi-

296 1883 416 1915 natius
434 1874 569 1909 habere
583 1879 647 1909 visi
661 1883 745 1907 sunt
759 1883 870 1920 quam
885 1876 922 1906 in
933 1883 996 1905 sua
1012 1874 1127 1918 patria
1143 1868 1343 1916 (comitatu
1353 1867 1554 1917 Lippiano)
1570 1867 1738 1904 Schildio
1753 1870 1907 1919 Ephoro

295 1937 475 1981 Principis
495 1933 712 1973 Nassoviae‚
737 1930 808 1964 Ao.
834 1940 930 1975 ¹79¹·

370 1991 449 2036 Ego
466 1994 559 2022 inter
572 1996 752 2021 nostrates
766 1984 874 2021 video
892 1982 1009 2018 multo
1027 1981 1241 2031 pallidiores
1255 2009 1264 2026 ,
1276 1981 1369 2017 alios
1385 1981 1510 2016 colore
1523 1981 1641 2017 multo
1658 1982 1906 2030 profundiore.

299 2050 356 2085 Eo
387 2056 531 2094 semper
559 2048 707 2090 agnosci
738 2041 940 2077 Rhenanos
968 2039 1086 2074 lucios
1114 2038 1204 2073 mihi
1231 2049 1407 2074 asseverat
1427 2045 1584 2087 piscator
1607 2041 1907 2086 Argentinensis,

300 2102 403 2152 quod
423 2101 517 2136 adeo
537 2106 609 2135 sint
628 2099 767 2148 pallidi.
795 2100 900 2146 Nigri
921 2109 1007 2133 vero
1027 2102 1065 2131 in
1089 2101 1191 2144 aquis
1211 2094 1347 2142 frigidis
1361 2123 1369 2139 ,
1394 2095 1493 2130 duris
1518 2095 1664 2142 degunt.
1692 2095 1909 2133 Flavescunt

300 2167 337 2196 in
356 2158 551 2208 paludibus
566 2156 828 2205 stagnantibus.
854 2156 960 2190 Visus
979 2152 1179 2203 aliquando
1195 2151 1322 2198 ruber,
1341 2157 1404 2200 qui
1421 2157 1548 2187 missus
1568 2161 1621 2187 est
1634 2150 1819 2188 Richardo
1835 2155 1907 2188 Lu-

299 2216 485 2255 nevillam
