2054 2748
307 99 390 143 260
673 106 1153 139 OBSERVATIONES
1200 107 1560 140 zOOLOGICAE.

307 207 387 232 tum
416 199 519 243 quasi
548 192 780 242 depressum,
812 199 999 227 cinereum
1022 219 1030 237 ,
1063 191 1243 227 orificium
1269 191 1422 239 alicujus
1446 193 1578 229 ductus
1599 200 1792 230 excretorii
1813 201 1915 245 quasi

306 253 466 289 referens
489 257 628 287 sistunt.
666 251 764 297 (Hic
784 248 974 283 character
993 249 1095 298 Sepis
1120 250 1218 298 apud
1247 251 1441 284 Laurenti
1462 252 1628 299 Synops.
1653 253 1777 300 reptil.
1805 266 1842 300 p.
1858 256 1912 290 58.

298 311 463 359 femora
480 311 636 357 postica
656 307 792 341 subcus
816 306 1187 354 calloso-puazccata
1200 334 1208 350 ,
1232 311 1389 354 pertinet
1411 307 1456 341 ad
1477 320 1509 355 p.
1530 308 1587 343 (50.
1605 307 1718 343 famil.
1740 322 1769 343 c.
1788 309 1866 344 ord.
1881 323 1913 344 a.

305 368 371 404 sed
391 366 492 402 nulla
514 372 650 415 species
672 362 890 410 respondet,
917 368 985 397 nisi
1006 373 1195 411 utcunque
1217 364 1307 397 CVI.
1332 362 1422 410 Seps
1438 363 1604 398 muralis:
1630 371 1688 399 cui
1708 375 1832 400 autem
1854 377 1913 400 so-

307 423 501 461 lummodo
522 426 640 458 taenia
664 433 737 454 una
763 426 957 455 saturatior
979 420 1025 455 ad
1047 420 1159 455 latera
1188 419 1346 455 thoracis
1374 419 1625 467 adscribitur.)
1655 421 1715 456 Ab
1738 421 1799 456 illa
1821 422 1917 457 linea

305 488 378 518 sive
409 491 508 516 costa
536 476 750 526 squamulae
772 476 985 525 granulatae
1006 482 1269 512 minutissimae
1293 477 1339 511 ad
1366 490 1481 525 usque
1507 490 1675 525 squamas
1699 478 1916 526 marginales

305 544 503 575 anteriores
522 536 696 581 majores,
715 535 874 569 seriebus
890 540 1033 570 circiter
1052 534 1292 582 quadraginta
1310 545 1506 569 numeratu
1520 533 1754 570 difficillimis.

378 600 569 648 Ejusmodi
597 599 807 649 squamulas
826 612 952 648 parvas
972 599 1181 647 granulatas
1200 599 1286 634 tibia
1308 599 1433 634 subtus
1456 613 1476 634 a
1501 600 1643 648 poplite
1667 600 1755 635 inde
1776 601 1823 636 ad
1847 611 1919 636 tar-

305 674 384 698 sum
408 658 528 693 nullas
549 656 682 703 habet,
704 657 768 692 sed
793 669 962 705 squamas
985 658 1141 703 majores
1163 661 1328 704 quinque
1352 667 1415 691 aut
1438 669 1501 691 sex
1524 670 1590 704 per
1609 657 1891 705 longitudinem.

376 724 507 760 Planta
523 723 659 771 pedum
679 727 924 771 posteriorum
938 749 946 765 ,
968 727 1022 756 uti
1041 727 1153 755 etiam
1171 721 1254 756 vola
1270 722 1409 769 pedum
1427 728 1654 756 anteriorum
1674 722 1833 769 granulis
1852 722 1919 757 ob-

304 790 371 820 sita
395 785 665 825 minutissimis,
695 785 735 814 in
762 791 918 828 quarum
940 778 1065 815 medio
1093 777 1165 813 alia
1193 777 1355 813 elevatur
1384 778 1521 826 papilla
1539 805 1548 823 ‚
1580 784 1723 824 nitens,
1748 778 1917 815 subsulvo

304 840 432 877 colore
451 844 575 874 tincta.

377 906 527 953 Digitus
542 904 680 952 pedum
698 910 942 952 posteriorum
960 909 1097 953 primus
1116 907 1277 952 squamis
1298 907 1472 950 quinque.
1500 899 1691 935 Secundus
1710 899 1839 935 decem
1851 928 1859 945 ,
1873 899 1921 936 ad

302 962 407 997 basin
426 962 568 1006 adjecta
588 973 740 1008 squama
756 963 905 1006 majore.
934 960 1374 1007 Tertiusseptemdecim.
1402 960 1562 1003 Quartus
1577 963 1704 1004 viginti
1721 970 1783 992 sex
1795 985 1804 1003 ,
1823 963 1922 1006 prio-

304 1018 403 1055 ribus
419 1029 483 1052 sex
497 1016 732 1052 brevioribus.
755 1017 865 1053 Unde
879 1025 1031 1064 apparet
1049 1016 1183 1063 digitos
1196 1015 1263 1049 hos
1280 1013 1512 1061 longitudine
1533 1012 1733 1047 crescendo
1748 1025 1786 1047 se
1805 1019 1919 1061 sequi,

303 1084 344 1110 ut
364 1082 524 1121 quatuor
544 1072 600 1106 illi
628 1078 834 1119 exporrecti
854 1072 902 1105 ad
921 1083 1034 1104 unam
1053 1072 1203 1104 ductam
1228 1070 1365 1102 lineam
1388 1075 1608 1115 pertingant.
1636 1069 1796 1114 Quintus
1818 1082 1922 1118 pror-

304 1143 363 1166 sus
392 1127 554 1173 solutus,
587 1127 653 1174 (et
679 1139 794 1174 quum
821 1132 986 1161 internus
1012 1131 1076 1171 sit,
1109 1137 1233 1160 revera
1262 1123 1413 1173 pollex)
1447 1123 1681 1172 longitudine
1710 1124 1785 1160 fere
1808 1132 1920 1172 tertii,

303 1197 540 1235 squamarum
564 1184 763 1228 tredecim,
783 1195 940 1232 quarum
961 1188 1089 1232 quinta
1113 1192 1149 1218 et
1170 1195 1292 1228 nona,
1314 1182 1362 1217 ad
1381 1181 1554 1217 articulos
1575 1194 1711 1230 nempe
1733 1182 1836 1231 digiti
1855 1182 1922 1219 ali-

303 1243 393 1293 quid
413 1242 606 1292 peculiaris
627 1247 666 1276 in
684 1240 908 1276 formatione
929 1240 1100 1275 offerunt.

378 1308 514 1344 Subtus
539 1319 712 1357 squamae
733 1307 803 1342 hae
822 1313 859 1341 in
882 1305 1038 1356 papillas
1057 1311 1177 1353 nigras
1192 1303 1399 1348 elevantur,
1420 1314 1457 1339 et
1476 1303 1617 1339 facilius
1633 1316 1745 1352 quam
1758 1310 1796 1339 in
1811 1304 1920 1341 dorso

304 1367 409 1415 digiti
431 1375 687 1408 numerantur;
706 1365 846 1399 scilieet
865 1370 902 1397 in
917 1370 1036 1411 primo
1055 1363 1169 1409 digito
1189 1372 1331 1409 septem
1346 1389 1354 1404 ,
1378 1360 1488 1407 (licet
1508 1367 1685 1408 quoniam
1707 1367 1746 1395 in
1765 1362 1921 1410 papillas

303 1424 455 1473 plantae
476 1427 757 1465 continuantur,
779 1431 974 1454 numerum
995 1424 1086 1453 inire
1105 1423 1215 1452 etiam
1235 1416 1385 1451 difficile
1405 1413 1492 1462 sit);
1520 1422 1559 1450 in
1579 1417 1742 1451 secundo
1765 1419 1922 1466 quinde-

304 1487 398 1524 cim3
420 1485 456 1514 in
473 1485 578 1515 tertio
600 1476 864 1525 septemdecim
878 1476 1121 1511 determinata
1137 1479 1365 1521 certioreque
1385 1479 1548 1507 ratione:
1571 1478 1610 1507 in
1633 1484 1764 1521 quarto
1791 1480 1921 1523 viginti

304 1548 467 1586 septem,
489 1541 528 1570 in
547 1540 677 1583 quinto
703 1533 926 1587 quindecim.

382 1601 498 1637 Color
513 1600 639 1635 subtus
654 1605 690 1634 in
706 1605 917 1634 universum
936 1597 1060 1643 albus,
1083 1607 1124 1632 ut
1144 1596 1230 1644 gula
1248 1609 1364 1645 usque
1379 1595 1427 1632 ad
1445 1596 1581 1644 plicam
1602 1602 1861 1644 posteriorem,
1886 1608 1922 1634 et

304 1665 404 1708 regio
421 1665 558 1693 circum
578 1669 691 1691 anum
713 1666 749 1691 et
768 1655 835 1690 sub
850 1655 1050 1704 semoribus
1068 1661 1112 1690 sit
1131 1654 1416 1697 subflavescens;
1436 1666 1609 1701 squamae
1625 1666 1708 1688 vero
1729 1653 1921 1689 maxillam

304 1717 513 1752 inferiorem
533 1714 659 1749 subtus
682 1712 887 1748 ambientes
911 1722 948 1748 et
963 1711 1143 1748 ventrales
1165 1718 1353 1760 puriorem
1375 1710 1531 1745 offerant
1552 1710 1773 1745 albedinem.

379 1782 494 1829 Supra
515 1789 671 1815 saturate
692 1785 839 1813 cinereo
870 1777 917 1812 ad
945 1784 1101 1825 griseum
1123 1787 1295 1824 vergente
1316 1775 1463 1820 colore,
1483 1775 1637 1810 maculis
1661 1775 1813 1810 subatris
1836 1775 1921 1810 sub-

307 1837 527 1889 quintuplici
551 1843 641 1872 serie
669 1833 871 1884 adspersis:
895 1835 1035 1869 claudit
1053 1834 1149 1868 hanc
1171 1846 1294 1868 aream
1317 1833 1415 1868 linea
1434 1839 1606 1880 utrinque
1629 1832 1920 1867 subvirescente—

306 1895 453 1940 albida,
477 1893 697 1928 subsinuata.
725 1893 898 1941 Sequitur
920 1891 991 1926 alia
1008 1890 1186 1934 lateralis,
1210 1891 1319 1939 triplo
1336 1890 1445 1925 latior
1459 1918 1468 1935 ,
1492 1895 1631 1925 sinuata
1649 1918 1658 1934 ,
1682 1895 1806 1937 nigra,
1836 1902 1920 1924 cum

306 1959 396 1989 serie
417 1951 643 1986 macularum
658 1950 770 1998 paulo
786 1949 1025 1998 pallidiorum
1043 1953 1082 1982 in
1101 1947 1234 1981 mediO.
1263 1950 1448 1982 Punctum
1465 1956 1528 1982 aut
1546 1946 1690 1980 macula
1713 1959 1819 1993 parva
1836 1946 1920 1982 alba

307 2016 345 2045 in
368 2009 436 2044 hac
467 2008 564 2042 linea
583 2021 689 2055 supra
715 2017 836 2041 ortum
855 2005 1010 2054 pedum;
1035 2003 1146 2053 paulo
1173 2005 1292 2049 major
1317 2017 1423 2052 supra
1446 2010 1655 2039 anteriores.
1683 2005 1764 2037 Jam
1788 2008 1921 2037 iterum

307 2067 404 2101 linea
429 2064 553 2099 albida
582 2064 708 2097 similis
732 2068 862 2111 priori,
886 2061 998 2110 paulo
1023 2061 1150 2105 latior,
1173 2066 1287 2108 magis
1305 2067 1446 2095 sinuata
1462 2089 1470 2105 ,
1494 2067 1531 2095 in
1556 2059 1679 2094 medio
1697 2065 1919 2107 interrupta,

307 2135 346 2158 ut
369 2123 418 2157 ibi
440 2132 510 2156 tres
533 2120 695 2154 maculas
716 2120 816 2154 albas
838 2118 979 2154 annulo
1002 2124 1105 2165 nigro
1131 2117 1372 2152 circumdatas
1397 2118 1540 2152 formet.
1567 2118 1702 2151 Rursus
1727 2117 1822 2150 liuva
1843 2128 1920 2156 atra

310 2193 403 2229 quae.
425 2181 500 2226 jam
520 2183 679 2227 squamis
698 2177 897 2223 majoribus
918 2175 1216 2211 abdominalibus
1238 2174 1332 2210 albis
1351 2180 1524 2222 contigua
1547 2184 1610 2209 est.
1640 2176 1691 2211 Ut
1709 2173 1803 2208 adeo
1829 2187 1919 2221 qua-

1837 2240 1921 2265 tuor
