2054 2748
846 145 1057 177 AVES.
1677 148 1747 174 111

233 236 396 284 Digitus
415 234 556 270 medius
578 246 599 269 a
620 232 697 268 basi
711 231 758 268 ad
779 236 921 280 apicem
939 236 1069 278 unguis
1119 257 1126 264 .
1177 255 1184 267 .
1237 256 1244 265 .
1294 255 1302 267 ,
1354 250 1361 261 t
1411 247 1434 269 ῃ
1459 228 1498 261 Ρ.
1529 242 1540 262 1
1574 241 1607 275 p.
1657 228 1753 275 9lin.

232 293 292 327 Ab
311 291 447 339 angulo
465 296 535 326 oris
561 291 609 325 ad
627 296 769 338 apicem
787 293 892 323 rostri
944 315 950 321 .
1004 315 1009 321 .
1062 316 1067 320 .
1119 314 1126 321 .
1177 312 1184 321 .
1235 313 1241 319 .
1294 313 1300 319 .
1351 310 1358 319 .
1408 304 1430 326 tt
1450 303 1499 309 —
1528 298 1540 317 1
1560 304 1607 309 —
1655 285 1678 319 b'
1691 305 1738 310 —

227 349 264 382 A
281 347 427 382 naribus
447 347 495 382 ad
521 352 665 395 apicem
684 350 788 380 rostri
816 372 822 379 .
875 372 881 377 .
933 371 939 377 .
992 370 998 377 .
1050 371 1055 377 ,
1166 371 1173 377 .
1225 369 1233 377 ,
1287 369 1292 376 .
1347 368 1353 375 .
1406 359 1495 383 [1-
1520 360 1603 382 ss—-
1632 354 1734 375 10—-

231 405 340 451 Apex
355 409 461 439 rostri
484 409 652 438 incu1vus
674 401 721 436 ad
740 397 1043 448 perpendiculum
1065 371 1238 442 inflexus,
1264 409 1367 431 men-

160 472 239 495 sura
260 460 306 495 ab
325 465 488 495 interiori
509 468 626 494 sumta
640 456 701 491 ubi
716 468 811 504 apex
828 453 1001 489 maxillae
1015 453 1191 489 inferioris
1207 459 1379 502 pertingit
1418 474 1441 495 u
1457 472 1507 479 -—-
1532 474 1554 496 Ι,
1570 473 1618 479 —
1644 458 1757 491 233——

233 517 329 551 Cera
349 526 506 552 saturate
534 515 634 549 flava.
659 513 790 549 Nares
825 511 977 560 patulae
1006 520 1155 554 ovatae,
1194 510 1344 557 oblique
1380 519 1581 544 extrorsum
1608 519 1759 544 erectae.

160 573 347 607 Romam
370 579 533 620 nigrum,
560 570 671 604 dente
689 581 834 617 prorsus
860 568 987 613 nullo,
1012 579 1060 602 ne
1082 567 1232 614 quidem
1259 572 1420 613 margine
1442 565 1564 613 aliquo
1591 578 1759 601 convexo

161 635 358 664 eminente.
383 626 584 674 Palpebra
602 625 751 661 inferior
765 635 802 660 et
814 631 979 673 superior
997 629 1131 672 pariter
1152 629 1179 658 si
1201 622 1310 657 oculo
1330 623 1639 669 superinducitur,
1660 623 1759 658 flava.

161 686 236 719 Iris
254 689 390 718 citiina.
419 684 562 718 Verceae
581 681 846 730 complanatus.
874 682 1040 716 Pennae
1055 685 1182 728 capitis
1202 690 1238 715 et
1258 679 1345 714 colli
1367 679 1618 724 lanceolatae,
1645 679 1761 726 laxae,

159 740 324 785 albidae,
351 739 471 774 media
486 739 584 774 linea
603 744 704 786 nigra
719 766 728 784 ,
754 737 988 786 longitudine
1001 746 1038 772 et
1057 736 1252 772 latitudine
1267 764 1275 782 ‚
1302 736 1389 771 dum
1403 741 1440 770 in
1456 735 1596 770 collum
1611 735 1759 771 descen-

160 797 253 832 dunt
267 824 276 841 ,
303 803 436 831 sensim
450 802 701 831 increscentes.

235 853 352 887 Color
369 858 481 887 totius
505 858 667 900 corporis
687 851 826 897 fuscus,
853 852 1012 886 humeris
1034 860 1158 886 tamen
1176 851 1222 886 ad
1243 856 1400 898 griseum
1419 849 1667 896 vergentibus,
1687 849 1760 885 lata

159 908 268 944 fascia
279 937 287 953 ‚
315 909 401 943 dum
423 915 590 944 tectrices
605 908 745 943 alarum
764 915 880 956 griseo
897 914 1060 956 margine
1074 908 1294 943 ambiuntur.
1323 908 1509 941 Tectrices
1522 915 1643 941 autern
1655 912 1762 954 primi

160 975 197 1001 et
213 965 364 1000 secundi
385 965 522 999 ordinis
539 964 671 1011 planae
686 963 817 999 fuscae.

231 1022 416 1067 Remiges
438 1033 459 1054 a
480 1020 639 1054 secunda
663 1020 711 1054 ad
736 1029 877 1054 sextam
900 1019 1097 1064 inclusive,
1124 1024 1289 1066 margine
1307 1024 1489 1054 anteriore
1509 1024 1590 1053 sinu
1609 1024 1760 1055 excisae.

160 1078 299 1123 Quarta
321 1082 489 1111 omnium
507 1076 727 1124 longissima.
756 1077 950 1124 Remigum
971 1082 1173 1124 primorum
1195 1081 1358 1123 quinque
1380 1085 1442 1110 aut
1460 1088 1522 1110 sex
1545 1082 1762 1124 posteriores

159 1133 275 1168 fasciis
295 1145 359 1167 sex
386 1132 599 1167 clarioribus
621 1138 659 1166 in
680 1137 844 1179 margIne
866 1138 1044 1167 exteriore
1065 1141 1262 1177 notantur,
1289 1144 1382 1179 quae
1405 1138 1443 1167 in
1466 1133 1705 1167 anterioribus
1727 1143 1764 1168 et

159 1196 197 1225 in
214 1189 433 1224 secundariis
462 1198 691 1224 evanescunt.
720 1188 854 1223 Subtus
881 1199 1005 1223 autem
1025 1194 1064 1222 in
1083 1188 1253 1222 omnibus
1276 1188 1489 1234 remigibus,
1518 1198 1675 1235 quatuor
1700 1198 1763 1223 aut

160 1252 322 1294 quinque
347 1250 470 1292 primis
507 1250 696 1292 exceptis,
731 1243 860 1277 fasciae
889 1244 957 1278 hae
987 1250 1024 1277 in
1049 1248 1212 1289 margine
1237 1249 1437 1289 posteriore
1465 1249 1764 1290 conspiciuntur,

160 1313 319 1351 quatuor
341 1314 360 1335 e
385 1306 568 1337 contrario
588 1306 725 1348 priores
747 1299 872 1335 colore
894 1305 1040 1334 cinereo
1062 1298 1293 1346 aliquantum
1312 1297 1507 1345 pallidiore
1533 1304 1572 1333 in
1597 1305 1761 1346 margine

159 1363 360 1406 posteriore
387 1357 678 1401 distinguuntur.-

237 1413 428 1447 Teccn‘ces
448 1409 635 1444 inferiores
650 1408 852 1454 brunneae,
867 1414 966 1457 scapi
985 1407 1082 1443 linea
1097 1414 1209 1455 nigra⁴
1229 1408 1361 1444 Ultimi
1375 1418 1498 1444 autem
1516 1409 1652 1445 ordinis
1667 1416 1765 1446 cine-

159 1482 243 1506 reae
264 1469 509 1515 fasciataeque
525 1478 628 1500 more
649 1471 837 1513 remigum.
864 1464 1058 1500 Subalares
1078 1475 1236 1512 quatuor
1248 1464 1615 1513 fusco-ferrugineae,
1635 1473 1763 1503 unico-

162 1526 257 1561 lores
271 1524 408 1571 absque
427 1523 524 1557 linea
547 1522 669 1557 media
684 1550 694 1567 ,
723 1521 796 1569 (uti
815 1534 959 1569 semper
968 1521 996 1568 ‚)
1012 1531 1048 1555 et
1071 1521 1116 1555 de
1131 1533 1234 1556 more
1254 1521 1494 1569 planissimae.

237 1581 376 1616 Caucla
397 1579 560 1614 forficata
581 1607 590 1624 ,
621 1578 834 1613 rectricibus
863 1577 1158 1622 fusco-cinereis,
1184 1577 1299 1612 fasciis
1326 1577 1432 1614 fuscis
1456 1579 1587 1615 decem
1613 1592 1765 1629 superne

162 1649 199 1675 et
213 1638 372 1681 inferne,
400 1635 668 1671 obscurioribus
682 1641 720 1670 in
735 1641 896 1682 margine
910 1644 1060 1668 externo
1080 1640 1237 1669 rectricis
1252 1641 1420 1670 extimae.

239 1696 354 1729 Tarsi
372 1693 448 1727 basi
463 1691 631 1739 plumosi.
658 1693 761 1726 Tarsi
781 1696 930 1735 scutati,
956 1690 1056 1725 lutei.
1082 1692 1237 1726 Braccae
1257 1691 1502 1740 ferrugineae,
1521 1705 1631 1742 scapo
1646 1699 1760 1741 nigro.

234 1753 384 1786 Pennae
403 1753 562 1796 pectoris
577 1758 613 1782 et
627 1753 759 1782 ventris
780 1747 856 1782 basi
875 1747 1000 1793 albae,
1025 1746 1146 1782 media
1167 1758 1269 1796 parte
1292 1754 1474 1783 anteriore
1494 1748 1763 1798 fusco-ferrugi-

162 1819 252 1843 neae
267 1835 276 1853 ,
303 1806 400 1842 linea
418 1803 677 1852 longitudinali
693 1803 802 1839 fusca.

236 1917 339 1953 Idem
358 1927 412 1952 est
434 1929 517 1952 cum
541 1917 606 1952 illo
627 1929 738 1966 quem
756 1917 851 1952 diua
882 1916 1051 1952 Hetzelio
1076 1922 1255 1952 nutritum
1276 1928 1312 1953 et
1335 1923 1486 1953 immani
1506 1918 1591 1966 gelu
1613 1919 1657 1955 Α.
1676 1920 1763 1966 1789

164 1985 337 2009 necatum
355 1973 483 2009 habeo.

236 2032 360 2076 Major
374 2041 426 2066 est
440 2043 521 2066 mea
539 2031 660 2080 aquila
676 2033 817 2078 juniore
834 2030 1065 2076 melanaeto,
1092 2043 1158 2079 pro
1182 2044 1256 2080 quo
1285 2032 1348 2067 diu
1368 2031 1474 2067 illum
1495 2032 1614 2067 habui.

237 2088 423 2122 Rostrum
451 2099 486 2123 et
508 2101 596 2123 cera
625 2088 786 2124 obscura.
813 2087 1056 2123 Affembrana
1088 2089 1213 2136 anguli
1241 2095 1310 2123 oris
1335 2089 1442 2124 lutea.
1471 2092 1543 2124 Iris
1569 2085 1759 2122 avellaneo

167 2142 300 2177 colore.
333 2145 460 2181 Pedes
490 2145 604 2192 lutei,
638 2146 747 2193 nudi,
779 2151 888 2181 scutis
911 2149 1090 2181 anteriore
1119 2151 1159 2181 in
1185 2156 1288 2194 parte
1315 2144 1661 2189 semicircularibus,
1696 2143 1761 2178 sed

166 2199 399 2236 brevioribus.
