2054 2748
700 156 1150 186 AMPHIBIA.
1644 163 1727 206 277

123 240 228 276 berus
250 252 405 288 nempe,
430 249 553 275 ventre
581 238 759 287 plumbeo
787 240 1036 276 immaculato.
1063 241 1144 275 Hae
1162 245 1291 275 missae
1310 251 1356 275 ex
1378 241 1594 281 Pontarlier.
1619 245 1727 282 Aliae

119 302 281 332 minores
299 309 345 330 ex
362 295 503 341 Salius,
523 308 612 344 quas
633 308 701 344 ego
725 295 880 332 diversas
901 303 1080 333 existimO.

190 361 283 396 Tela
310 360 422 396 nulla.
451 363 570 409 Caput
594 361 773 410 gracilius.
801 361 966 396 Dorsum
985 362 1151 397 olivaceo
1163 383 1177 389 -
1190 368 1375 398 cinereum
1390 363 1524 412 triplici
1543 372 1632 401 serie
1646 379 1724 403 ma-

119 418 284 453 cularum
300 423 558 466 nigricantium
571 447 580 464 ,
592 418 863 454 alternantium.
884 419 1023 453 Venter
1037 418 1200 454 albicans
1214 447 1222 465 ‚
1237 420 1441 455 maculatus
1452 433 1555 456 more
1570 429 1723 459 natricis.

189 486 317 531 Longe
335 489 522 528 minores,
547 483 729 532 pollicum
752 483 850 518 haud
877 483 959 532 plus
988 496 1098 532 quam
1124 484 1295 520 sedecim.
1323 486 1467 521 Dentes
1494 485 1650 523 mobiles
1678 501 1724 523 ne

115 539 216 575 lente
236 546 348 575 vitrea
368 540 517 588 quidem
533 540 677 588 detegO.
698 543 817 588 Caput
832 540 1019 588 gracilius,
1037 547 1245 589 angustius,
1265 542 1364 578 collo
1379 548 1498 578 minus
1514 550 1722 580 constricto.

115 596 294 645 Squamas
314 602 440 644 capitis
466 596 698 644 aliquantum
721 597 809 632 laesi
836 609 913 631 non
940 603 1079 645 optime
1099 597 1292 646 distinguo.
1320 600 1464 634 Tamen
1485 599 1578 635 iliud
1601 607 1724 636 certis-

112 659 246 688 simum
260 681 268 697 ,
289 653 401 700 longe
419 652 563 687 differre
582 666 602 688 a
618 653 742 689 multis
757 653 829 689 illis
848 660 997 689 minutis
1017 654 1113 700 beri,
1133 655 1197 690 sed
1211 662 1325 704 magis
1340 662 1538 693 convenire
1554 670 1637 693 cum
1652 657 1722 693 illis

110 708 309 756 majoribus
329 715 484 745 natricis.

183 766 349 800 Dorsum
370 772 572 802 carinatum
596 766 761 803 olivaceo
774 772 1003 812 -cinereum,
1030 767 1165 816 triplici
1185 774 1274 804 serie
1293 769 1521 805 macularum
1541 777 1721 819 nigrican-

111 828 202 858 tium
218 850 226 867 ,
245 822 516 859 alternantium.
546 824 728 872 Squamae
748 830 940 859 carinatae.

182 888 321 922 Venter
340 900 417 922 non
437 888 653 936 plumbeus,
679 889 743 925 sed
765 889 948 935 albicans,
974 889 1220 937 irregulariter
1242 897 1348 940 nigro
1372 892 1595 939 maculatus,
1617 903 1657 928 ut
1684 899 1721 928 in

108 949 257 979 natrice.

180 999 305 1033 Gauda
324 1000 493 1045 gracilior
511 1010 547 1033 et
574 1000 722 1046 longior
740 1008 867 1049 utique
892 1008 930 1035 in
950 1002 1046 1037 bero.
1076 1005 1217 1051 Corpus
1240 1008 1351 1038 etiam
1370 1009 1485 1052 magis
1508 1005 1719 1053 depressum

105 1055 196 1090 mihi
217 1054 408 1090 videbatur
420 1082 428 1098 ,
451 1054 544 1089 forte
562 1064 707 1089 tantum
727 1056 776 1089 ob
793 1057 964 1091 inediam.

178 1120 356 1167 Squamas
375 1117 430 1152 bis
450 1123 637 1153 numeravi
657 1123 901 1164 exactissime,
923 1129 959 1154 et
977 1125 1015 1154 in
1036 1125 1076 1155 iis
1091 1132 1151 1155 me
1170 1134 1248 1156 non
1263 1133 1398 1157 errasse
1416 1136 1606 1172 persuasus
1626 1137 1714 1160 sum.

177 1183 288 1220 Scuta
306 1188 439 1219 ventris
464 1183 539 1218 155.
566 1184 655 1218 Post
674 1195 787 1218 anum
810 1193 954 1219 scutum
979 1183 1150 1232 bifidum,
1171 1195 1250 1221 tum
1269 1186 1370 1222 aliud
1390 1188 1571 1234 trifidum,
1591 1191 1714 1226 medio

103 1247 255 1277 minore.
281 1241 416 1276 Rursus
434 1240 536 1276 aliud
555 1239 719 1276 bifidum.
746 1239 821 1276 Sed
838 1240 897 1276 hic
920 1241 967 1276 ad
987 1253 1099 1276 anum
1113 1255 1287 1291 squamae
1303 1243 1463 1280 dorsales
1483 1251 1584 1294 quasi
1598 1252 1714 1282 utrin-

102 1311 174 1347 que
202 1304 241 1332 in
268 1296 445 1345 angulum
472 1297 725 1342 descendunt,
751 1307 814 1333 aut
841 1303 1032 1346 regionem
1059 1312 1209 1348 parvam
1235 1311 1451 1349 cuneatam,
1480 1315 1526 1337 ex
1553 1309 1713 1353 squamis

102 1361 266 1404 quinque
286 1352 486 1389 latiusculis
506 1353 674 1389 brevibus
697 1354 902 1389 formatam.

172 1419 383 1467 Sequuntur
399 1418 475 1464 jam
494 1417 624 1452 decem
648 1427 750 1453 scuta
769 1423 911 1466 integra
934 1418 1057 1466 qualia
1077 1419 1298 1458 abdominis.
1320 1423 1418 1458 Tum
1439 1436 1612 1472 squamae
1632 1426 1685 1462 51.

170 1477 269 1522 Ergo
289 1474 375 1509 huic
402 1474 473 1509 216
498 1487 564 1506 Ξ
594 1474 659 1508 153
685 1481 732 1512 -1-
756 1474 814 1509 65.
842 1474 945 1521 quod
963 1481 1090 1523 utique
1116 1476 1238 1513 differt
1259 1491 1280 1513 a

297 1529 376 1564 beri
406 1530 471 1565 183
497 1543 564 1563 z
594 1529 660 1571 146
685 1538 731 1569 -ξ-
759 1529 813 1577 39.
841 1539 878 1565 et

230 1591 375 1621 natricis
402 1586 471 1621 230
496 1598 564 1619 z
595 1599 660 1633 170
686 1593 733 1625 -Ι-
757 1586 814 1622 b'o.
843 1596 879 1622 et
906 1597 1077 1636 apparet,
1100 1598 1177 1625 tam
1203 1590 1351 1627 defectu
1379 1592 1569 1639 dentium,
1598 1607 1710 1644 quam

97 1655 332 1694 squamarum
346 1647 473 1690 capitis
488 1642 605 1678 forma
617 1670 626 1688 ,
645 1655 757 1691 quam
775 1655 929 1678 numero
944 1656 1178 1692 squamarum
1193 1654 1388 1696 praecipue
1404 1650 1613 1686 caudalium
1630 1665 1708 1689 ma-

96 1708 148 1749 gis
168 1705 297 1735 natrici
315 1705 631 1747 appropinquare,
651 1699 737 1734 licet
759 1706 797 1734 in
817 1699 923 1735 nullo
943 1707 1142 1750 specimine
1158 1702 1296 1739 collare
1315 1704 1410 1740 illud
1431 1705 1705 1746 observaverim.

168 1759 291 1793 Etiam
307 1768 391 1790 cum
409 1761 447 1789 in
465 1765 614 1790 mortuo
633 1761 834 1804 specimine
853 1769 966 1792 anum
984 1765 1283 1807 comprimerem,
1303 1771 1339 1797 et
1357 1761 1458 1798 aliud
1485 1769 1605 1801 vivum
1623 1779 1705 1815 spe-

96 1821 218 1851 cimen
238 1811 405 1847 manibus
426 1822 644 1859 tractarem,
673 1813 789 1848 odore
814 1818 883 1849 isto
908 1813 1065 1850 alliaceo
1086 1828 1217 1853 manus
1236 1823 1446 1866 inquinatae
1464 1831 1570 1868 sunt,
1594 1835 1705 1872 quem

94 1877 260 1907 emittere
278 1869 372 1905 solet
389 1874 519 1905 natrix.

165 1929 383 1963 Examinavi
400 1936 528 1975 postea
549 1935 691 1976 septem
709 1925 818 1974 alias,
840 1936 877 1963 et
894 1934 1033 1976 reperi:

110 1995 208 2025 Longit.
227 1995 313 2026 pollie-

141 2049 187 2072 22
235 2056 285 2062 -
314 2036 379 2084 198
404 2048 471 2070 z
502 2041 567 2078 144
593 2043 640 2076 -Ι-
665 2036 720 2078 54.
747 2037 844 2071 Huic
862 2046 987 2072 venter
1000 2036 1270 2075 subrubesccns.

145 2100 288 2140 1992-
312 2106 377 2128 211
407 2106 475 2127 Ξ
504 2093 569 2128 152
595 2102 642 2134 —i—
668 2093 724 2141 59.

146 2150 288 2189 1672—
313 2149 384 2184 215'
408 2164 475 2183 Ξ
505 2150 569 2185 ι52
595 2159 640 2189 —i-
665 2151 721 2187 53.

145 2218 187 2253 ις)
235 2226 284 2232 --
308 2206 379 2243 205
403 2219 470 2241 :z
501 2208 566 2244 152
591 2216 638 2247 4—
664 2207 719 2250 54.
747 2205 925 2243 CaudaIia
941 2218 1045 2244 scuta
1066 2207 1151 2245 loco
1178 2221 1413 2258 squamarum
1432 2210 1573 2249 3—10.

1389 2268 1418 2300 L
1439 2266 1451 2302 l
