2054 2748
893 146 1197 180 PISCES.
1752 154 1837 197 527

232 244 269 272 et
291 239 561 284 praecipitatur.
598 233 762 269 Vocatur
787 244 943 268 essence
968 233 1156 268 d'On‘enc.
1182 230 1253 268 Pro
1275 231 1352 278 ejus
1374 231 1466 268 libra
1491 233 1693 271 obtinenda
1712 242 1835 286 requi-

231 302 360 328 runtur
378 291 589 327 octodecim
607 290 654 325 ad
666 295 792 338 viginti
805 288 919 325 millia
941 289 1130 337 pisciculi,
1148 288 1326 338 (quatuor
1339 288 1455 323 millia
1475 299 1617 326 tantum
1631 295 1836 330 secundum

230 348 463 384 Beckmczmz
482 353 521 382 in
540 348 647 395 Sage
666 346 737 382 Ex
763 347 898 394 Clcym.
918 356 971 381 ηπ]
991 346 1082 381 VII.
1102 358 1200 381 vers.
1215 358 1337 394 germ.
1355 358 1448 393 pag.
1464 347 1519 382 83.
1540 350 1668 397 noca.)
1699 352 1833 386 Misce-

230 414 289 441 tur
308 404 398 440 haec
418 410 572 440 essentia
593 403 871 450 ichthyocollae
898 402 1095 447 solutioni,
1123 412 1159 438 et
1177 401 1321 451 globuli
1343 407 1446 438 vitrei
1466 407 1564 438 intus
1584 417 1624 440 ea
1643 406 1835 444 obducun-

231 471 291 497 tur
310 473 466 511 ceraque
479 467 614 510 partim
627 460 835 510 replentur,
853 467 1043 497 inventore
1056 461 1219 495 Parisino
1233 459 1428 507 Jacqzcitz,
1448 459 1518 495 Αο.
1538 460 1636 497 1680.
1663 465 1837 501 Inventor

224 517 352 553 Janin
371 529 523 554 vocatur
550 528 587 554 et
610 517 852 554 confectionis
876 523 969 553 ratio
998 516 1110 566 paulo
1133 516 1239 552 aliter
1261 515 1477 552 describitur
1495 522 1534 552 in
1556 518 1717 567 Savary
1739 522 1834 557 Dic-

230 577 328 610 cion.
348 574 398 611 de
429 576 680 619 Commerce,
703 575 822 611 titulo
848 574 1129 612 Pacenoscrter.
1157 573 1231 610 Sed
1253 579 1341 610 vitio
1369 575 1632 623 typographico
1651 576 1703 612 ibi
1724 579 1836 615 Janin

229 630 381 679 legitur,
400 644 488 667 nam
507 633 583 679 ejus
602 632 720 668 filium
740 635 763 669 J
765 638 900 682 acquin
922 638 1045 670 vocari
1064 636 1207 681 saepius
1230 630 1361 667 audivi.

302 688 608 737 Desquamantur
628 689 865 725 solummodo
886 690 999 725 latera
1018 700 1055 725 et
1075 699 1212 725 venter.
1238 687 1359 724 Probe
1377 698 1540 735 cavetur,
1563 703 1610 725 ne
1637 689 1839 729 dorsalium

230 755 466 792 squamarum
499 746 702 795 quidquam
730 747 982 783 admisceatur.
1016 745 1188 781 Aliorum
1215 750 1371 794 piscium
1401 758 1575 794 squamae
1601 750 1837 796 rejiciuntur,

230 800 318 836 licet
335 808 496 838 maxime
516 814 796 852 argenteorum,
815 810 869 840 uti
888 803 1005 848 rutili;
1023 808 1134 852 ipsius
1156 808 1266 838 etiam
1285 808 1401 837 nostri
1422 804 1650 852 Riemling,
1673 813 1838 854 quamvis

229 868 402 906 argenteo
422 865 543 896 nitore
565 873 734 910 superare
754 873 904 911 quoque
925 861 1124 897 alburnum
1147 859 1238 895 mihi
1257 859 1458 895 videantur.
1487 860 1670 909 Squamae
1692 863 1838 912 aliquo-

228 920 294 950 ties
316 921 355 950 in
379 916 476 965 pelvi
494 930 589 967 aqua
615 931 706 967 pura
733 918 924 966 lavantur,
949 929 1076 967 postea
1104 930 1168 966 per
1190 926 1300 953 strata
1330 929 1416 952 cum
1441 916 1516 952 sale
1544 923 1637 953 inter
1664 919 1840 956 sindones

227 983 335 1019 puras
354 972 525 1010 locantur
542 980 581 1010 in
597 975 744 1011 scatulis
764 986 800 1011 et
815 981 1121 1012 transmittuntur.

300 1030 432 1062 Mense
455 1030 622 1074 Augusto
651 1030 819 1076 frequens
838 1037 879 1065 in
902 1031 1033 1065 Rheno
1063 1034 1205 1074 capitur
1224 1029 1272 1063 ad
1298 1039 1435 1074 pagum
1463 1027 1637 1074 Alphen,
1664 1029 1727 1066 ubi
1754 1043 1839 1067 eum

227 1082 472 1130 Alplaenaar
486 1091 632 1118 vocant.
664 1083 784 1116 Pinna
804 1088 864 1116 ani
890 1092 926 1116 et
949 1082 1131 1116 ventrales
1157 1081 1264 1115 valde
1287 1081 1489 1117 albescunt.
1516 1083 1683 1120 Ossicula
1702 1092 1839 1134 pinnae

227 1137 400 1175 ventralis
419 1137 515 1173 ultra
529 1136 694 1172 medium
711 1136 823 1173 bifida
834 1165 844 1182 ,
862 1142 900 1172 in
914 1137 1061 1186 reliquis
1080 1142 1202 1186 pinnis
1215 1136 1326 1185 plane
1339 1136 1529 1186 simplicia.
1555 1139 1688 1188 Belgae
1707 1156 1838 1191 regem

227 1194 469 1242 Asterlingii
485 1204 640 1240 vocant,
660 1199 745 1243 quia
763 1193 942 1243 pisciculo
963 1194 1173 1242 Ascerling
1191 1207 1216 1229 s.
1234 1193 1435 1242 Esseling,
1459 1194 1567 1230 huno
1581 1206 1758 1246 tanquam
1780 1214 1838 1236 re-

227 1264 312 1301 gem
335 1251 510 1288 tribuunt.

302 1309 374 1344 Ao.
394 1308 494 1356 1783.
514 1307 549 1344 d.
569 1307 625 1343 30.
647 1308 755 1355 Maji,
779 1307 913 1344 allatus
926 1307 1018 1342 mihi
1040 1312 1147 1356 piscis
1166 1307 1422 1355 magnitudine
1441 1308 1665 1357 spithamea,
1683 1317 1841 1350 nornine

229 1367 373 1412 magni
395 1364 597 1407 Albarni,
624 1376 758 1412 grosse
780 1365 922 1412 Lange
936 1393 949 1408 ,
976 1373 1013 1400 et
1035 1370 1095 1400 vix
1119 1369 1246 1412 viginti
1270 1374 1453 1400 annorum
1475 1371 1592 1414 spatio
1620 1381 1736 1403 unum
1756 1377 1839 1419 capi

229 1421 380 1457 dictum.
407 1422 547 1456 Pinnae
566 1420 719 1455 dorsalis
731 1420 822 1456 radii
836 1432 880 1468 9;
901 1420 1017 1456 analis
1036 1426 1086 1463 14.
1101 1430 1164 1456 aut
1183 1421 1234 1456 15.
1260 1421 1423 1467 Pinnae,
1438 1428 1598 1457 maxime
1619 1426 1837 1474 pectorales,

227 1477 344 1513 analis
357 1505 365 1522 ,
377 1476 612 1526 caudalisque
626 1476 704 1512 basi
717 1482 944 1514 virescentes.
970 1479 1085 1512 Linea
1100 1475 1259 1512 lateralis
1273 1482 1313 1512 in
1328 1477 1458 1513 ordine
1473 1492 1706 1528 squamarum
1722 1495 1836 1519 nono,

230 1535 292 1569 An
312 1533 373 1569 hic
393 1532 499 1569 Jeses
511 1533 528 1568 ?

663 1603 1078 1649 CYPRINUS
1123 1605 1416 1649 BRAMA.

302 1702 441 1737 Pinna
464 1703 536 1736 ani
556 1700 678 1736 radiis
702 1713 749 1749 29
771 1701 964 1745 Blocln‘o,
996 1701 1087 1736 mihi
1107 1700 1161 1738 26.
1184 1701 1321 1736 Radios
1345 1707 1480 1749 pinnae
1503 1703 1620 1739 analis
1639 1713 1838 1744 anteriores

229 1757 491 1808 posterioribus
502 1757 708 1806 quadruplo
723 1758 910 1806 longiores
925 1764 1067 1807 reperio
1081 1786 1089 1804 ,
1102 1758 1200 1793 unde
1213 1757 1361 1793 habitus
1372 1758 1478 1805 hujus
1489 1765 1624 1808 pinnae
1636 1763 1836 1810 peculiaris.

304 1815 422 1861 Hujus
441 1817 621 1849 vesicam
641 1818 892 1851 natatoriam
909 1820 1050 1864 reperio
1072 1827 1248 1862 crassam,
1269 1825 1305 1850 et
1320 1815 1408 1851 dum
1429 1822 1544 1862 sicca,
1566 1817 1639 1853 sere.
1658 1820 1840 1868 cartilagi-

229 1883 359 1917 neam,
379 1870 524 1906 duobus
544 1877 647 1919 quasi
665 1871 839 1907 musculis
865 1871 1196 1920 longitudinalibus
1223 1878 1347 1908 crassis
1374 1872 1466 1909 albis
1488 1874 1707 1913 distinctam.
1737 1879 1767 1911 V
1771 1883 1837 1913 esi-

231 1941 312 1964 cam
326 1933 546 1963 natatoriam
562 1940 735 1976 magnam
754 1941 831 1964 esse
854 1929 942 1965 dicit
964 1929 1164 1966 Baltnerus„

304 1985 513 2033 Aliquoties
536 1995 743 2020 monstrose
767 1985 918 2033 gibbum
947 1992 1085 2035 reperi,
1108 1997 1148 2022 ut
1175 1997 1258 2036 post
1277 1986 1460 2022 dorsalem
1480 1993 1633 2037 pinnam
1654 2003 1836 2028 concavus

231 2052 324 2078 esset
337 2069 346 2087 ,
368 2052 405 2077 et
424 2054 608 2078 convexus
631 2042 738 2078 valde
756 2042 820 2078 illa
840 2053 943 2092 parte
958 2049 1017 2078 cui
1035 2043 1168 2079 insidet
1187 2050 1299 2092 pinna
1318 2044 1443 2079 analis.

303 2100 401 2134 Parit
429 2100 554 2145 Maj0‚
573 2109 683 2148 atque
704 2110 792 2135 tunc
819 2110 872 2135 est
895 2106 1015 2149 capite
1032 2109 1220 2149 punctatO.
1248 2101 1319 2135 Pro
1338 2106 1434 2136 varia
1453 2113 1568 2149 aqua,
1588 2107 1625 2135 in
1641 2114 1712 2149 qua
1725 2102 1836 2151 degit,

232 2161 330 2193 vario
353 2165 406 2190 est
426 2155 564 2192 colore.

305 2211 424 2259 Belgis
442 2212 566 2260 Bley,
584 2212 746 2249 adultior
764 2218 874 2249 etiam
890 2214 1108 2251 Braessem.
1133 2215 1293 2250 Bresem,
1311 2214 1410 2250 idem
1426 2224 1478 2248 est
1497 2227 1539 2249 ac
1561 2215 1778 2262 Breifslsclz.

1433 2271 1464 2305 R
1478 2283 1495 2305 r
1521 2284 1543 2306 2
