2054 2748
282 143 338 186 &6
633 149 1119 182 OBSERVATIONES
1163 150 1536 179 ZOOLOGICAE.

356 238 552 287 (Albertus
572 239 687 273 Fortis
706 237 828 272 alebat
844 240 906 283 qui
926 233 1020 268 nihil
1039 239 1107 282 ipsi
1124 232 1319 269 arrodebat
1335 260 1343 277 ,
1359 233 1422 267 sed
1439 239 1475 267 in
1492 232 1584 268 alius
1603 232 1765 267 hominis
1781 245 1892 281 quem

283 297 411 333 oderat
434 295 610 332 conclave
638 300 795 338 intrans,
819 290 975 327 rodebat
997 297 1131 326 omnia.
1166 289 1506 337 HJJ-ccenbczclzms
1529 289 1666 335 retulit,
1692 297 1801 339 quiet
1817 296 1893 339 ipse

282 355 373 390 aluit
388 366 407 388 e
423 353 511 388 nido
536 362 723 387 exemtum
744 360 779 385 et
801 362 821 384 a
839 348 910 383 fele
930 360 1013 383 cum
1028 352 1182 396 propriis
1197 346 1326 381 catulis
1342 347 1548 382 educatum.
1574 347 1676 382 Idem
1698 347 1894 395 aliquoties

283 417 409 448 vinum
436 410 586 446 rubrum
617 413 766 456 copiose
798 405 910 452 bibit,
937 411 1091 454 ipsoque
1121 404 1186 439 illo
1215 414 1409 440 momento
1437 402 1555 438 ebrius
1577 404 1745 440 titubavit
1769 414 1805 440 et
1827 403 1894 439 ob-

284 467 465 514 dormiit.)

356 527 429 559 Lac
450 522 618 557 lubenter
638 519 821 556 sorbebat.
850 519 1185 563 Petulantissimus,
1214 531 1340 562 cursu,
1359 516 1531 562 saltibus,
1555 517 1895 565 gesticulationibus

283 586 382 616 miris
401 583 581 626 juniorem
605 582 716 612 etiam
745 576 855 611 felem
882 576 1095 624 superabat,
1123 581 1318 624 praecipue
1340 580 1435 610 inter
1457 574 1555 622 ligna
1578 585 1777 611 transversa
1800 575 1896 610 sedi-

284 638 374 673 lium
389 665 397 681 ‚
422 646 457 670 et
479 634 542 669 ubi
565 633 742 668 bacillum
762 633 829 669 sibi
849 633 1061 684 placentem
1084 643 1210 668 nactus
1233 642 1336 667 esset.
1365 634 1529 668 Maxime
1549 637 1660 666 etiam
1680 632 1747 667 sibi
1771 632 1897 680 plaee-

285 694 347 729 bat
370 699 407 727 in
431 705 473 726 eo
500 701 540 726 ut
563 696 733 726 citissime
759 702 917 740 quatuor
937 691 1048 739 pedes
1080 690 1202 725 sedilis
1227 699 1289 725 aut
1317 696 1468 724 minoris
1491 701 1639 724 mensae
1669 702 1783 723 unum
1813 698 1898 737 post

285 751 437 786 alterum
460 748 639 793 insiliret,
663 754 732 782 situ
761 747 981 782 liorizontali
1011 746 1086 782 fere
1114 753 1276 795 corporis
1298 757 1334 782 et
1357 753 1394 781 in
1411 746 1531 783 altum
1559 746 1692 781 librato
1722 758 1897 794 corpore,

285 813 333 842 ita
354 816 394 841 ut
417 805 571 854 pedibus
591 810 697 839 unius
721 804 843 839 lateris
863 817 995 853 corpus
1015 817 1036 839 a
1058 803 1171 839 sellae
1194 805 1288 853 pede
1310 803 1513 851 repelleret.

357 863 395 899 Si
410 869 447 897 in
458 868 539 898 sinu
554 862 707 908 alicujus
719 868 756 896 in
768 861 884 897 altum
895 867 1062 896 surrectis
1073 860 1228 909 pedibus
1241 866 1379 909 sopitus
1396 861 1530 905 jaceret
1542 886 1551 903 ,
1572 858 1666 892 adeo
1678 870 1809 893 somno
1823 869 1900 894 erat

286 933 478 970 oppressus
499 947 507 963 7
541 929 581 954 ut
606 929 753 967 possent
777 921 852 965 ejus
872 920 976 966 digiti
998 918 1178 967 implicari
1198 928 1235 953 et
1255 923 1441 964 interponi
1464 915 1673 950 alternatim
1699 921 1835 950 orantis
1851 915 1901 950 ad

285 983 407 1012 instar.
447 976 484 1010 Si
504 976 597 1010 [orte
621 975 879 1022 expergefieret
899 1003 907 1020 ‚
934 980 1156 1010 vivacissime
1187 974 1341 1018 exsiliit,
1368 973 1431 1008 sed
1456 982 1650 1007 momento
1675 982 1760 1020 post
1785 985 1901 1021 aeque

286 1033 471 1082 profundo
491 1044 624 1066 somno
645 1032 767 1077 jacuit.

359 1092 399 1124 In
420 1089 548 1123 aulaea
569 1087 922 1136 perpendiculariter
942 1086 1150 1135 dependere
1165 1086 1323 1121 amabat.
1353 1085 1430 1120 Sub
1446 1084 1614 1120 cervicali
1635 1097 1719 1119 meo
1740 1085 1901 1120 dormie-

286 1146 358 1181 bat.
385 1145 556 1180 Pastillos
575 1158 619 1178 ex
645 1145 776 1192 hepate
795 1143 1006 1188 confectos,
1032 1153 1068 1178 et
1086 1148 1220 1177 micam
1242 1148 1344 1191 panis
1367 1142 1496 1187 butyro
1519 1151 1655 1176 tostam
1676 1142 1781 1176 avide
1797 1154 1902 1176 vora-

287 1208 357 1245 vit,
380 1202 603 1248 adipemque
624 1214 643 1234 e
665 1201 785 1247 digitis
806 1200 912 1234 linxit
926 1228 935 1244 ,
958 1200 1068 1247 idque
1088 1209 1329 1247 posteaquam
1354 1199 1467 1233 horae
1491 1198 1684 1232 intervallo
1705 1198 1833 1232 decem
1855 1198 1903 1233 ad

285 1264 482 1292 minimum
496 1256 680 1291 avellanas
700 1256 831 1291 virides
851 1266 887 1291 et
906 1255 1069 1301 calycem
1084 1255 1182 1290 floris
1196 1261 1351 1304 inaperti
1372 1254 1553 1290 helianthi
1573 1260 1687 1290 annui
1700 1255 1904 1290 avidissime

286 1323 485 1351 voraverat.

361 1371 501 1404 Panem
521 1369 660 1402 cosseae
680 1368 859 1402 lacteatae
884 1374 1078 1400 intinctum
1099 1368 1208 1400 valde
1228 1373 1394 1412 appetiit.
1423 1369 1537 1412 Fraga
1558 1379 1641 1400 cum
1665 1367 1840 1402 saccharo
1865 1374 1904 1403 in

288 1425 432 1474 pultem
460 1429 617 1458 contri-„a
646 1423 751 1457 avide
775 1422 892 1456 linxit.
933 1422 1059 1455 Frusta
1088 1427 1199 1455 etiam
1227 1420 1391 1456 sacchari
1419 1427 1558 1468 integra
1585 1428 1732 1457 voravit.
1768 1423 1904 1458 Adhuc

290 1493 439 1530 quoque
460 1489 656 1528 postquam
683 1478 814 1513 nidum
842 1483 881 1512 in
904 1476 1034 1511 arbore
1059 1476 1214 1521 fecerat3
1249 1487 1336 1513 tunc
1358 1490 1444 1513 vero
1474 1477 1614 1513 coffeae
1643 1491 1721 1513 non
1746 1480 1903 1528 amplius

290 1548 438 1574 curavit.

362 1594 504 1629 Nidum
530 1592 669 1627 scilicet
695 1596 733 1626 in
757 1590 901 1626 robinia
921 1589 1160 1638 pseudacacia
1183 1600 1459 1636 construxerat,
1482 1601 1519 1626 et
1538 1591 1585 1626 ad
1604 1591 1676 1627 hoc
1695 1605 1839 1641 pannos
1859 1606 1906 1630 ex

292 1651 460 1687 conclavi
481 1656 684 1697 attingente
703 1660 769 1697 per
788 1648 916 1683 orbem
935 1653 1092 1683 vitreum
1113 1647 1293 1683 fenestrae
1312 1648 1468 1683 fractum
1487 1648 1696 1684 abstulerat.

362 1709 525 1742 Vocatus
544 1718 747 1754 numquam
770 1705 943 1740 advenire
963 1717 1000 1739 se
1020 1704 1228 1740 adsuefecit.
1257 1705 1525 1740 Tintinnabula
1550 1718 1644 1754 quae
1668 1705 1752 1741 tulit
1766 1734 1775 1752 ‚
1797 1719 1906 1754 aegre

292 1766 382 1801 ferre
400 1771 515 1800 visum
531 1777 608 1799 non
632 1774 694 1798 est.
722 1762 922 1811 Reliquum
938 1761 1009 1797 cibi
1029 1761 1153 1810 lepide
1173 1761 1426 1806 abscondidit,
1448 1767 1486 1796 in
1508 1761 1691 1806 sacculos,
1714 1769 1906 1798 cincinnos

293 1822 466 1866 crinales⁷
481 1822 634 1869 aliaque.
656 1823 783 1856 Hortis
809 1832 887 1854 non
917 1819 1148 1863 conducens;
1173 1818 1280 1854 flores
1304 1824 1461 1868 punicae
1487 1824 1647 1866 granati,
1667 1825 1807 1854 semina
1827 1819 1905 1868 gly-

294 1880 466 1915 cirrhizae
487 1879 676 1913 echinatae
695 1878 839 1925 aliaque
859 1888 999 1911 vorans.

366 1938 415 1972 D.
443 1952 453 1971 1
468 1953 493 1971 ι.
510 1937 665 1983 Augusti
681 1933 775 1969 nihil
798 1933 931 1969 barbae
947 1938 985 1966 in
999 1930 1169 1967 auriculis
1187 1942 1369 1979 creverat,
1387 1931 1476 1969 alibi
1494 1937 1604 1968 etiam
1624 1932 1691 1983 pili
1716 1932 1818 1969 haud
1837 1932 1902 1979 hy-

293 1993 418 2039 berni,
438 2005 662 2041 quamquam
683 1991 798 2026 cauda
817 1992 891 2038 jam
911 1989 1075 2038 pulchra.

369 2111 529 2146 Scimus
554 2113 730 2145 cinereus
745 2139 756 2153 ,
783 2109 928 2145 auribus
947 2122 1025 2144 non
1045 2108 1286 2158 penicillatis‚
1310 2121 1466 2157 corpore
1484 2115 1651 2154 cinere0,
1670 2108 1796 2144 subtus
1818 2108 1902 2144 albo

300 2168 523 2214 (Boddaere
541 2168 605 2216 Sp.
622 2167 675 2215 7.)
697 2167 816 2201 addo:
841 2166 994 2215 pedibus
1016 2172 1137 2202 minus
1155 2165 1244 2202 fissis
1265 2178 1377 2215 quam
1396 2165 1510 2202 habet
1527 2166 1693 2214 vulgaris.
1718 2167 1804 2214 (pro
1831 2177 1904 2215 quo

297 2224 418 2259 adhuc
435 2230 610 2260 terminus
629 2230 712 2260 artis
734 2224 1006 2272 inveniendus.)
