2054 2748
855 166 1155 196 Pisces.
1719 176 1802 219 5¹9

191 248 405 284 cilindricus
424 257 497 294 est,
518 248 564 284 de
585 259 659 297 quo
680 247 742 283 alii
757 257 904 293 tacent,
922 255 1091 285 convenit
1110 255 1237 298 utique
1255 249 1371 286 forma
1394 261 1428 288 et
1448 253 1652 300 coloribus,
1673 266 1709 292 et
1732 271 1799 293 no-

189 312 290 341 mine
309 306 424 340 latino
444 306 599 353 phoxini
616 317 701 340 cum
720 304 917 340 Gallorum
942 307 1093 349 Veron,
1114 307 1159 341 de
1179 319 1253 355 quo
1269 307 1339 343 vid.
1362 309 1578 347 Dulmmel.
1609 313 1668 348 Tr.
1690 314 1737 349 (le
1756 315 1799 350 la

187 362 333 410 peche,
356 362 402 397 P.
423 364 478 397 II.
499 363 535 397 S.
552 364 630 397 III.
648 376 685 410 p.
701 362 780 397 515.
801 361 880 396 cab.
895 362 997 409 26.s.'
1011 377 1041 410 7.
1069 365 1207 412 Estque
1226 364 1326 400 idem
1344 371 1408 414 qui
1426 371 1463 401 in
1479 367 1685 416 Sundgovia
1702 370 1797 405 Ehr-

190 418 280 466 lz'ng
299 418 459 466 (Elricze
474 418 688 464 Germanis)
706 428 866 454 vocatur.
895 417 1049 466 Sapidus
1071 431 1124 456 est
1142 421 1355 467 pisciculus,
1376 423 1477 470 quod
1498 424 1587 458 mihi
1606 426 1798 463 confirmat

191 474 394 521 Schildius,
415 475 587 524 Ephorus
608 477 786 524 Principis
797 477 995 512 Nassoviae
1009 505 1018 523 ⁷
1047 490 1145 525 ¹79¹·
1169 484 1233 526 qui
1253 478 1420 526 sapidum
1438 492 1514 514 esse
1538 480 1646 524 dicit3
1671 484 1733 518 sed
1759 490 1798 519 in

186 545 250 568 sua
269 538 385 581 patria
408 532 617 581 (Comitatu
639 532 839 581 Lippiano)
863 538 959 568 inter
977 544 1126 570 centum
1145 540 1205 571 vix
1220 535 1349 570 decem
1372 548 1449 571 esse
1471 542 1535 585 qui
1559 537 1651 572 adeo
1671 539 1797 586 pulcre

187 588 344 624 rubente
367 595 440 625 sint
459 600 595 625 ventre.
622 589 740 625 Nobis
757 588 948 637 neglectus
968 596 1006 625 in
1029 591 1119 626 urbe
1140 594 1397 640 Argentorati,
1422 599 1505 642 quia
1529 593 1576 629 ad
1599 594 1743 632 cloacas
1762 606 1797 632 et

184 645 335 681 latrinas
356 652 395 681 in
414 646 563 682 fluvium
583 660 620 682 se
635 657 878 682 exonerantes
894 653 1063 684 occurrit.
1092 647 1165 684 Sed
1179 655 1217 684 in
1233 649 1354 685 rivulis
1375 650 1671 700 torrentibusque
1691 664 1797 688 mon-

184 708 277 738 tium
295 703 564 739 laudatissimus
588 704 739 752 (nostris
760 704 972 739 monticolis
992 704 1169 754 Ehrhng,
1191 716 1385 742 truttarum
1411 720 1494 742 cum
1515 718 1618 743 cotto
1635 709 1797 757 gobione

183 766 402 809 praecipuus
421 761 555 809 cibus).
584 763 754 796 Parisinis
774 761 944 796 laudatur
958 762 1088 808 frixus,
1111 763 1259 812 illisque
1280 776 1324 798 ex
1349 771 1528 801 montosis
1550 765 1598 801 ad
1616 771 1798 815 quinqua-

185 823 286 863 ginta
304 817 491 853 leucarum
507 818 716 854 distantIam
739 829 914 867 tanquam
930 818 1107 856 delicatus
1128 820 1228 856 cibus
1249 827 1413 857 mittitur.

256 875 480 911 varietatem
498 874 674 924 phoxini,
702 875 879 918 Veralae,
906 876 1044 912 dictam
1065 889 1111 912 ex
1129 878 1317 913 montibus
1339 879 1386 914 ad
1407 877 1574 924 Aubrac,
1594 881 1630 915 B.
1644 885 1675 921 l..
1698 880 1748 915 D.
1762 891 1793 927 9.

182 929 221 966 P.
242 945 291 966 10.
305 933 348 967 V.
363 947 395 980 7.
412 933 457 968 A.
473 934 505 969 8.
526 935 564 968 C.
584 945 635 981 ις).
656 932 828 969 describit
849 934 1065 970 Bormam-e
1084 940 1123 970 in
1143 934 1295 981 Encycl.
1324 935 1436 970 meth.
1459 949 1493 984 p,
1523 937 1596 983 ¹95·
1623 936 1684 971 An
1702 936 1796 972 forte

182 987 283 1021 idern
310 994 373 1035 qui
397 989 555 1035 Ehrling
578 995 616 1024 in
642 989 854 1036 Sundgovia
885 1001 1057 1035 vocatur,
1089 1003 1198 1038 quem
1224 991 1443 1038 pisciculum
1471 993 1514 1026 A.
1531 993 1562 1027 5.
1587 992 1731 1039 (1796.)
1750 1005 1796 1028 ex

180 1041 308 1076 Thura
322 1042 426 1077 vallis
447 1042 498 1077 St.
514 1043 713 1078 Amarinae
733 1044 860 1087 attuli,
881 1044 1004 1079 solum
1027 1051 1090 1090 qui
1112 1051 1151 1080 in
1171 1045 1237 1080 illo
1259 1059 1369 1081 amne
1390 1057 1534 1093 praeter
1558 1047 1739 1083 furionem
1760 1059 1797 1085 et

179 1108 323 1132 cottum
345 1097 547 1145 gobionem
566 1103 786 1144 reperiatur,
809 1106 845 1130 et
864 1103 926 1144 qui
946 1103 1072 1145 utique
1091 1099 1189 1133 idem
1208 1100 1299 1135 milii
1317 1107 1410 1136 visus
1430 1112 1492 1137 est.
1521 1104 1609 1138 Non
1630 1110 1697 1139 nisi
1721 1117 1794 1140 ses-

179 1153 430 1202 quiunciales‚
456 1153 504 1188 ad
528 1165 713 1188 summum
736 1152 938 1188 biunciales
962 1152 1129 1188 obtinere
1154 1161 1280 1203 potui,
1301 1161 1363 1204 qui
1390 1163 1428 1192 in
1448 1168 1574 1194 ventre
1598 1165 1794 1210 pinnisque

177 1210 274 1247 nihil
294 1210 393 1245 rubri
411 1209 630 1246 habuerunt.
658 1209 731 1245 Sed
746 1221 792 1244 ex
811 1208 925 1245 tribus
945 1215 984 1245 in
1005 1216 1132 1259 spiritu
1153 1217 1228 1248 vini
1245 1219 1410 1260 servatis,
1423 1225 1508 1263 post
1521 1216 1681 1252 reditum
1700 1231 1792 1255 unus

177 1274 314 1317 pinnae
331 1267 447 1303 analis
465 1273 736 1317 pinnarumque
755 1272 898 1316 parium
917 1266 1020 1303 basin
1034 1267 1181 1304 rubram
1199 1268 1337 1306 habuit.

616 1383 1031 1428 CYPRINUS
1076 1384 1362 1429 APHYA.

248 1491 287 1525 Z
290 1489 625 1539 wiebelfisclzclzerz
636 1504 654 1531 ,·
677 1488 1177 1536 Schneider-Kaerpfclzen.
1204 1490 1351 1526 Blicke.

247 1547 468 1583 Observatus
484 1546 518 1581 d.
535 1559 589 1581 20.
608 1546 717 1580 Mart.
745 1546 845 1592 1785.
859 1554 1055 1594 postquam
1070 1558 1137 1594 per
1154 1553 1312 1594 spatium
1325 1553 1488 1597 quinque
1504 1556 1787 1599 septimanarum

175 1616 478 1641 conservaveram
509 1602 720 1639 octodecim
755 1613 908 1636 numero
927 1630 936 1648 ,
971 1614 1131 1650 quorum
1161 1602 1312 1640 ultimus
1343 1606 1494 1642 tandem
1518 1618 1682 1645 mortuus
1714 1610 1787 1647 fine

175 1662 342 1709 Augusti.

247 1716 459 1765 Longitudo
478 1727 608 1765 parum
621 1715 716 1751 ultra
737 1714 964 1764 pollicarem.
984 1717 1168 1752 Numerus
1188 1717 1395 1753 radiorum:
1412 1720 1523 1755 Dors.
1545 1735 1555 1755 1
1568 1736 1594 1756 1.
1616 1725 1713 1759 Pect.
1736 1726 1785 1761 15.

174 1777 301 1810 Ventr.
320 1786 352 1820 9.
375 1773 483 1808 Anal.
507 1786 562 1808 20.
587 1773 700 1809 Caud.
725 1773 779 1808 23.
806 1773 923 1808 Nasus
943 1772 1160 1821 pellucidus.
1187 1776 1423 1811 Interstitium
1445 1777 1638 1813 oculorum
1663 1782 1785 1817 viride.

174 1834 236 1867 Iris
267 1836 472 1878 nigerrima.
497 1831 610 1878 Regio
640 1829 897 1864 branchiarum
925 1829 1157 1875 rubicunda3
1195 1837 1292 1867 inter
1323 1845 1433 1880 quam
1464 1844 1501 1869 et
1531 1835 1658 1871 oculos
1685 1844 1783 1885 regio

173 1887 313 1937 pallide
332 1893 521 1923 virescens.
550 1889 662 1922 Linea
682 1886 866 1935 pellucida
896 1892 1077 1922 virescens
1103 1887 1168 1923 sub
1195 1888 1325 1934 dorso,
1354 1895 1429 1924 sine
1454 1890 1565 1925 dubio
1588 1898 1783 1930 interanea.

172 1945 329 1993 Reliqua
348 1957 369 1979 a
388 1954 490 1992 tergo
510 1950 583 1980 visa
606 1944 805 1993 pellueent.
833 1945 962 1979 Latera
984 1955 1166 1992 argentea.
1196 1946 1306 1980 Linea
1329 1945 1488 1981 lateralis
1509 1960 1615 1983 recia.
1646 1953 1783 1998 Corpus

173 2001 325 2050 gracile,
348 2001 484 2036 lineare
497 2030 506 2046 ,
526 2001 579 2036 nil
598 2007 718 2036 minus
737 2013 847 2049 quam
872 2000 988 2035 ovale.
1016 2003 1114 2049 Ergo
1134 2001 1180 2036 ab
1200 2002 1314 2050 tif-hya
1337 2002 1458 2037 Leskii
1478 2015 1537 2039 aut
1559 2005 1701 2039 Blorhii
1727 2008 1781 2042 di-

172 2064 382 2095 versissima.
404 2058 539 2106 Agffls,
555 2071 649 2106 pane
663 2063 831 2106 pascitur.
853 2058 1083 2093 Asseveratio
1100 2072 1185 2106 ergo
1201 2059 1291 2094 mihi
1309 2073 1328 2094 a
1344 2066 1524 2108 piscatore
1540 2061 1631 2096 sucta
1646 2090 1652 2105 ,
1668 2069 1781 2110 pisces

173 2121 319 2150 nonnisi
340 2121 376 2149 in
398 2115 533 2151 fluente
553 2128 646 2164 aqua
668 2115 838 2151 detentos
858 2120 992 2150 victum
1014 2128 1144 2164 capere
1162 2118 1423 2164 restringenda.
1453 2117 1552 2152 Nihil
1578 2131 1642 2165 per
1662 2129 1780 2156 totum

172 2171 246 2206 hoc
267 2182 410 2219 tenipus
425 2182 552 2208 auctus
570 2177 673 2207 visus.

245 2228 299 2263 Cf.
328 2228 445 2276 aphya
473 2229 702 2266 Rozzdelecic'
718 2231 742 2265 I.
770 2242 804 2278 p.
825 2229 906 2265 208.
935 2241 1029 2278 quae
1053 2235 1180 2278 utique
1210 2230 1358 2268 diversa.
1386 2233 1567 2265 Linnacus
1592 2241 1714 2268 tamen
1740 2239 1778 2269 in

1395 2288 1428 2333 Q
1446 2300 1469 2335 q
1497 2300 1517 2322 2
