2054 2748
268 173 348 216 170
621 161 1104 198 OBSERVATloNES
1152 161 1526 190 ZOOLOG-ICAE.

335 257 441 291 Licet
459 263 677 303 tempestate
698 251 827 300 frigida
844 259 969 284 tamen
988 259 1084 296 aqua
1103 246 1216 296 pedes
1238 254 1355 281 tectos
1378 244 1514 280 habere
1528 257 1607 279 non
1625 244 1883 282 reformidavit.

261 316 426 362 Integros
459 311 536 347 dies
568 311 714 360 pluviae
749 312 915 356 exposita
947 310 1101 350 mansit,
1135 315 1174 339 ut
1207 313 1286 339 tota
1311 302 1501 338 maderet:
1530 303 1594 338 sed
1613 313 1728 338 noctu
1748 303 1885 338 scalam

261 371 461 408 ascendere
475 368 621 404 amabat
641 378 677 402 et
691 365 758 401 sub
780 374 877 401 tecto
899 372 1126 413 pernoctare.
1149 365 1322 397 Ceterum
1338 361 1529 396 insistebat
1549 366 1660 396 etiam
1675 359 1887 409 frequenter

264 429 379 478 lapidi
406 434 466 465 vix
486 427 578 462 duos
602 423 757 474 pollices
779 434 921 468 crasso,
948 420 1012 456 sed
1036 420 1111 456 lato
1132 419 1332 469 planoque.
1360 419 1645 467 Exspatiabatur
1664 431 1811 467 quoque
1832 417 1888 452 lu-

265 488 396 522 benter
424 498 489 534 per
519 484 650 518 <lomus
684 485 982 528 contignationes
1013 485 1124 514 etiam
1149 482 1376 527 superiores,
1416 477 1481 512 sed
1509 475 1661 525 expulsa
1693 475 1887 524 aliquoties

266 543 475 580 verecunda
497 539 687 576 docilitate
707 537 808 573 haud
826 536 984 587 amplius
1010 537 1127 572 rediit.
1149 537 1235 572 Vidi
1250 545 1286 571 et
1301 541 1338 570 in
1353 541 1526 570 stramine
1547 534 1610 569 ubi
1632 532 1887 582 pernoctabat,

267 600 422 650 genibus
441 603 598 632 inuisam
623 607 779 644 corpore
798 606 921 630 erecto
935 623 944 641 ,
962 594 1137 643 singulari
1155 593 1308 630 habitu:
1338 599 1450 628 etiam
1468 598 1506 628 in
1529 598 1740 641 pavimento
1763 596 1814 626 sic
1834 601 1891 625 se·

266 657 397 701 debat,
417 660 578 690 attractis
598 653 719 702 digitis
739 663 776 689 et
796 666 880 688 cum
901 662 996 688 tarso
1021 651 1200 700 angulum
1228 651 1468 697 facientibus,
1494 660 1536 686 ut
1562 655 1647 686 tarsi
1674 659 1791 685 terrae
1812 660 1890 683 non

264 714 524 751 incumberent
539 741 548 758 ,
576 711 679 761 quod
699 721 735 747 et
754 711 882 747 Jabiru
900 709 985 745 facit
1001 738 1009 756 ,
1029 709 1209 745 referente
1229 709 1489 744 Scedmanno.

339 772 408 807 Ao.
440 773 537 818 1781.
566 770 600 805 d.
631 782 684 817 29.
713 771 859 815 Martii,
887 774 1007 817 putari
1037 767 1204 803 aesculos
1229 779 1334 802 meos
1356 765 1646 815 hippocastanos
1670 775 1890 799 curaveram.

267 832 419 864 Ciconia
440 827 570 863 sedulo
603 840 723 863 ramos
745 826 924 862 abscissos
946 831 1092 861 intrusit
1115 825 1287 860 foramini
1306 824 1486 872 quadrato
1510 822 1614 872 pedis
1633 821 1893 869 amplitudine,

268 887 369 935 quod
388 893 425 921 in
449 896 555 934 porta
575 884 755 920 inclinata
779 883 897 920 cellae
915 896 1019 918 meae
1039 893 1127 918 erat.
1153 883 1214 917 An
1233 887 1425 918 instinctus
1453 879 1672 916 nidificandi
1691 878 1766 914 hoc
1790 877 1894 912 illam

267 944 387 978 lacere
408 944 536 990 jussit'?

341 1000 392 1034 D.
418 1015 445 1034 1.
467 1000 558 1044 Maji
578 1004 738 1046 primum
757 1004 795 1032 in
811 1008 951 1032 tectum
968 996 1113 1030 humile
1133 995 1313 1039 evolavit,
1339 1005 1380 1029 ut
1404 994 1587 1028 abituram
1614 1003 1792 1041 putarem.
1821 990 1895 1026 Sed

268 1069 348 1091 non
363 1061 507 1104 repetiit
520 1067 686 1103 unquam
713 1054 864 1091 Ultimis
877 1055 977 1088 Junii
993 1052 1121 1087 diebus
1135 1052 1270 1086 multas
1283 1064 1424 1100 pennas
1443 1051 1540 1098 (non
1555 1048 1719 1097 plumas)
1736 1054 1896 1083 minores

268 1118 404 1157 amisit,
424 1122 459 1146 et
478 1121 595 1146 rostro
610 1124 742 1159 corpus
753 1115 929 1158 purgavit.
941 1110 1043 1143 Toto
1055 1120 1181 1142 mense
1194 1109 1297 1153 Majo
1309 1108 1383 1144 vidi
1401 1107 1546 1155 plumas
1566 1106 1699 1140 molles
1715 1106 1896 1141 decidere.

342 1170 430 1203 Viso
451 1178 567 1202 noctu
590 1174 760 1202 erinaceo
785 1166 990 1214 gloteravit.

344 1225 496 1260 Pluviae
516 1237 553 1259 se
578 1237 724 1273 semper
745 1229 939 1272 exposuit,
963 1223 1029 1258 sed
1051 1234 1182 1258 sereno
1205 1231 1374 1270 ternpore
1399 1220 1551 1256 effusam
1577 1232 1735 1269 superne
1763 1232 1899 1268 aquam

270 1289 416 1329 vitavit,
445 1293 481 1318 et
502 1282 709 1318 madefacta
733 1280 985 1316 concutiendo
1007 1293 1141 1329 corpus
1160 1285 1317 1315 siccavit.

343 1339 547 1376 Novembri
562 1352 647 1374 cum
664 1339 971 1374 thermometrum
998 1339 1313 1372 Reaumurianum
1327 1336 1457 1371 decern
1471 1335 1604 1383 gradus
1622 1348 1729 1383 supra
1744 1335 1900 1383 glaciem

272 1403 508 1440 consisteret,
543 1408 562 1429 e
588 1396 692 1430 labro
714 1408 810 1442 aqua
839 1394 954 1441 pleno
982 1393 1113 1427 sedulo
1140 1392 1345 1436 balneavit,
1374 1391 1577 1438 quatiendo
1597 1390 1693 1436 alas,
1723 1402 1761 1427 et
1782 1396 1900 1428 ventri

271 1460 383 1490 etiam
405 1463 490 1488 ante
510 1452 655 1487 labrum
676 1449 906 1485 incumbens.

346 1512 496 1547 Pennae
519 1515 674 1556 remiges
694 1507 893 1551 abscissae,
922 1518 1149 1554 quamquam
1173 1504 1381 1540 nonnullae
1410 1517 1430 1538 e
1458 1504 1663 1540 minoribus
1689 1505 1900 1542 tectricibus

273 1579 471 1606 renovatae
491 1577 637 1611 essent,
664 1575 789 1601 tamen
804 1577 904 1599 anno
923 1574 1103 1612 sequente
1118 1563 1290 1598 nondum
1313 1572 1459 1598 renatae
1479 1572 1592 1598 erant.

348 1628 478 1662 Primis
500 1627 520 1661 J
525 1623 589 1659 ulii
610 1623 738 1659 diebus
759 1633 874 1671 quum
894 1633 1041 1670 pennae
1065 1621 1189 1670 quoad
1207 1631 1350 1670 partem
1378 1630 1527 1655 renatae
1553 1629 1695 1666 essent,
1715 1620 1842 1656 volatu
1864 1633 1901 1656 se

276 1696 452 1720 exercens
474 1681 631 1718 circulos
647 1694 739 1730 quos
754 1690 877 1729 posset
898 1684 1081 1714 maximos
1099 1685 1137 1714 in
1151 1691 1234 1714 area
1256 1678 1501 1714 describendo
1519 1676 1727 1726 gloterabat
1747 1688 1900 1714 extenso

277 1741 400 1786 collo,
427 1751 544 1776 rostro
567 1752 645 1774 non
667 1744 799 1788 supino
824 1747 864 1773 ut
887 1736 998 1783 alias,
1025 1737 1128 1786 quod
1148 1735 1273 1785 gaudii
1292 1742 1439 1785 signum
1463 1747 1540 1771 esse
1558 1740 1675 1772 visum
1693 1745 1755 1771 est.
1775 1737 1902 1772 Noctu

278 1805 389 1835 etiam
420 1798 646 1847 quandoque
674 1803 712 1832 in
742 1809 826 1831 area
854 1794 1112 1831 ambulantem
1142 1795 1227 1831 vidi.
1260 1793 1320 1829 Ab
1347 1793 1549 1830 infantibus
1580 1798 1678 1828 notis
1710 1798 1902 1841 quiescens

279 1862 391 1892 etiam
412 1869 449 1892 se
478 1861 577 1903 tangi
605 1865 641 1890 et
661 1854 802 1904 palpari
830 1866 935 1903 passa
958 1863 1020 1888 est.
1043 1852 1176 1888 Culina
1200 1852 1353 1902 expulsa
1381 1850 1601 1900 gloterando
1621 1849 1900 1897 indignabatur,

279 1926 425 1964 semper
444 1924 596 1949 extenso
616 1913 737 1959 collo,
764 1925 844 1948 non
862 1917 1075 1960 resupinato
1095 1919 1225 1946 rostr0.
1253 1911 1477 1957 Dejeceram
1497 1908 1543 1943 de
1558 1907 1715 1942 fenestra
1734 1906 1901 1955 lapillos,

281 1984 374 2021 qnos
395 1972 458 2008 illa
480 1971 648 2007 exultans
667 1977 838 2021 excipere
861 1968 1064 2019 gestiebat,
1092 1978 1127 2004 et
1151 1978 1268 2004 rostro
1298 1973 1411 2003 etiam
1438 1967 1484 2003 de
1505 1976 1596 2003 terra
1618 1964 1795 2009 tollebat3
1824 1975 1904 2000 tum

280 2030 373 2066 mihi
395 2030 653 2079 adgloterans,
680 2029 894 2079 incipiendo
925 2027 1108 2077 gloterare
1133 2036 1285 2061 extenso
1316 2035 1461 2072 rostro,
1492 2033 1619 2073 postea
1642 2021 1822 2058 reclinato
1844 2035 1903 2058 ca-

281 2094 357 2136 pite
374 2116 382 2134 ,
409 2087 495 2123 dein
514 2093 648 2123 iterum
668 2086 925 2133 demittendo,
953 2085 1016 2121 ubi
1039 2094 1151 2134 caput
1169 2083 1408 2133 obliquabat,
1434 2092 1475 2118 ut
1494 2082 1610 2118 altero
1631 2079 1741 2115 oculo
1762 2092 1904 2115 sursum

283 2145 356 2181 fere
373 2156 565 2194 spectaret.
593 2147 766 2194 Tumque
784 2158 909 2181 saccus
930 2143 1064 2193 gularis
1083 2149 1122 2178 in
1145 2152 1387 2191 conspectum
1408 2146 1518 2176 venit.
1541 2137 1778 2186 Quandoque
1798 2137 1904 2173 recli-

285 2209 477 2238 nationem
502 2208 628 2251 capitis
647 2202 811 2238 iterabat.
840 2202 1040 2237 Gloterans
1061 2207 1100 2236 in
1120 2200 1255 2236 affectu
1276 2204 1476 2235 constituta
1496 2206 1596 2242 erat,
1624 2208 1711 2231 nam
1733 2195 1808 2231 alas
1829 2195 1904 2230 ele-

285 2260 393 2298 vabat
411 2271 448 2298 et
469 2261 626 2297 caudam
644 2260 878 2310 aliquantum
905 2258 1126 2308 explicabat.
1144 2256 1381 2306 Quandoque
1396 2255 1579 2293 subcitato
1595 2253 1711 2302 gradu
1730 2253 1904 2289 incedens
