2054 2748
266 100 348 157 2248
639 109 1114 145 OBSERVATmNEs
1157 112 1538 143 zooL0G1cA13.

269 207 348 235 1.et
366 210 396 232 2.
413 197 501 245 Maj.
526 202 657 233 iterum
678 198 803 234 adfuit.
830 198 880 232 D.
902 196 950 232 16.
967 198 1057 244 Maji
1079 207 1164 232 ante
1189 196 1349 231 mediam
1371 206 1523 232 noctem
1541 202 1580 232 in
1602 198 1793 246 superficie
1811 213 1875 248 ap-

264 260 399 304 paruit,
416 255 561 303 glabra,
580 262 721 300 nitens,
736 253 890 289 decolor
909 253 991 289 fere.
1021 255 1102 290 Cibi
1122 255 1175 289 nil
1197 254 1376 301 obtinuit,
1395 260 1449 289 uti
1464 268 1533 290 nec
1553 265 1646 290 ante.
1675 258 1716 290 In
1735 257 1876 304 pupilla

265 313 366 348 nullu
385 312 477 348 mihi
496 314 542 348 ab
557 312 671 348 altera
687 311 891 346 differentia
911 316 994 347 visa.
1021 312 1151 347 Altero
1177 324 1285 346 mane
1307 324 1386 346 non
1405 312 1562 360 amplius
1588 312 1714 347 adsuit.
1743 314 1878 348 Postri-

264 370 324 405 die
344 379 459 405 noctu
481 383 598 405 rursus
621 368 746 403 adsuit.
782 369 834 403 Ut
857 369 931 413 jam
951 368 1044 404 adeo
1073 370 1238 415 videam,
1265 380 1489 404 nocturnum
1512 369 1649 404 animal
1673 382 1758 405 esse.
1789 372 1878 405 Non

266 427 455 463 observata
470 428 555 462 dein
570 438 683 474 usque
698 431 737 460 in
755 426 986 472 15.Junium,
1006 427 1069 462 ubi
1084 440 1198 476 quum
1211 426 1352 475 aliquid
1367 439 1484 475 aquae
1498 426 1719 462 adsudissem
1731 455 1739 474 ,
1753 427 1876 463 medio

265 484 324 520 die
344 490 519 534 apparuit.

339 543 388 577 D.
415 544 461 576 15.
479 543 562 575 Jun.
584 552 698 589 quum
725 542 844 588 major
862 540 950 576 bufo
971 541 1084 577 iidem
1107 548 1180 577 vasi
1202 548 1393 591 impositus
1412 553 1525 587 esset,
1546 552 1582 578 et
1607 541 1671 577 ille
1692 548 1878 591 impetuo-

264 606 336 636 sius
356 599 517 643 foderet,
540 597 678 632 factum
699 608 769 643 est,
786 608 825 633 ut
841 600 914 644 jam
930 610 1045 634 noctu
1066 610 1224 649 quatuor
1248 599 1401 635 bufones
1421 600 1513 635 duos
1534 599 1720 647 vulgares,
1738 610 1774 635 et
1789 600 1878 635 duas

265 657 520 693 scorodosmas
535 661 573 690 in
597 656 788 704 superficie
811 662 1023 704 aspicerem.

338 716 474 749 Earum
498 726 597 748 nunc
617 713 692 748 fere
713 713 849 748 oblitus
868 727 966 759 sum,
980 714 1027 749 ad
1041 727 1155 763 usque
1178 729 1228 751 10.
1250 716 1342 763 Aug.
1359 716 1422 750 uhi
1443 725 1618 751 evacuato
1633 728 1716 750 vase
1739 725 1878 750 utram-

265 785 336 821 que
358 777 394 805 in
419 783 571 806 caverna
595 770 662 806 sub
690 780 783 806 terra
805 776 889 806 satis
909 782 1103 819 compacta
1123 778 1249 820 reperi.
1279 774 1463 818 Majorem
1483 784 1625 807 summe
1650 778 1878 806 emaciatam.

264 831 376 865 Posui
396 835 435 864 in
458 828 650 877 superficie
677 838 713 864 et
736 834 882 864 oniseos
907 829 1069 877 praebui.
1097 830 1159 864 An
1185 834 1278 878 pasti
1305 835 1377 864 sint
1401 835 1555 876 ignom,
1582 833 1667 876 quia
1689 827 1880 864 observare

265 899 343 922 nou
370 886 534 922 vacabat.

338 945 388 978 D.
410 957 464 991 27.
485 944 578 991 Aug.
601 944 725 979 denuo
749 949 920 992 inquisivi
943 955 979 980 et
1004 947 1182 992 majorem
1203 944 1421 979 dissolutam
1442 949 1572 991 sparsis
1592 943 1666 978 fere
1686 943 1825 979 ossibus
1845 949 1882 979 in

265 1009 358 1035 terra
381 1005 518 1047 reperi,
545 1005 726 1033 minorem
750 1000 817 1034 sub
842 1010 934 1034 terra
954 1001 1166 1035 haerentem
1186 1002 1315 1035 itidem
1336 1011 1478 1033 summe
1496 1004 1722 1033 emaciatam.

338 1057 388 1090 D.
419 1069 466 1089 12.
489 1055 588 1102 Sept.
612 1055 798 1089 observavi
813 1068 832 1088 e
848 1066 939 1089 terra
960 1069 1151 1102 egressam.
1179 1057 1305 1090 Nitida
1318 1056 1527 1089 videbatur.
1556 1056 1617 1088 An
1637 1055 1802 1101 objectos
1817 1070 1882 1092 co-

264 1118 367 1161 piose
390 1116 537 1145 oniscos
557 1115 749 1153 varaverit,
767 1117 916 1157 ignoro,
940 1117 1025 1159 quia
1049 1111 1116 1146 sub
1136 1111 1257 1146 herbis
1278 1110 1387 1145 simul
1408 1116 1587 1159 impositis
1603 1112 1727 1159 quoad
1741 1124 1883 1161 partem

266 1169 415 1204 latebat.
439 1169 571 1203 Postea
587 1166 639 1201 bis
661 1177 758 1203 terve
773 1173 941 1215 apparuit
962 1173 1169 1217 iterumque
1195 1168 1337 1203 defossa
1352 1178 1404 1203 est
1425 1168 1644 1203 alternatim.
1671 1169 1721 1204 D.
1743 1171 1884 1208 11.Oct.

265 1239 380 1274 quum
400 1238 518 1260 rursus
542 1224 703 1259 viderem
723 1252 731 1269 ,
753 1224 970 1270 macilenta,
1002 1236 1039 1262 et
1064 1225 1146 1260 solo
1170 1231 1315 1261 sinistro
1341 1226 1455 1260 latere
1479 1231 1569 1260 mire
1592 1226 1760 1274 depressa
1784 1228 1883 1264 vide-

264 1283 381 1319 batur.
412 1285 558 1317 Muscas
580 1288 798 1330 oniscosque
820 1281 967 1318 oblatos
988 1290 1137 1318 voravit.
1165 1285 1216 1318 D.
1239 1287 1289 1319 ιδ.
1311 1283 1394 1318 Oct.
1415 1296 1499 1318 cum
1521 1285 1660 1329 majore
1686 1294 1721 1319 et
1741 1291 1885 1322 minore

264 1355 352 1377 rana
373 1340 510 1375 bufone
526 1346 691 1387 apparuit
729 1345 813 1373 saais
834 1340 959 1375 nitida.
989 1341 1120 1374 Cibum
1138 1346 1245 1388 cepit.
1267 1341 1315 1374 D.
1336 1355 1346 1375 1
1360 1356 1385 1375 ι.
1403 1342 1497 1375 Nov.
1517 1354 1636 1375 rursus
1652 1347 1733 1376 visa.
1761 1343 1811 1377 D.
1834 1345 1884 1380 15.

265 1404 398 1433 iterum
421 1410 484 1444 per
515 1407 633 1430 totum
664 1396 783 1438 diem,
814 1395 912 1430 [usca
943 1405 979 1429 et
1009 1396 1191 1430 unicolor.
1222 1397 1368 1429 Muscas
1395 1406 1430 1430 et
1457 1402 1603 1431 oniscos
1633 1403 1791 1442 voravit,
1819 1400 1884 1435 sed

266 1460 490 1503 ineptissime
512 1453 674 1496 inhians,
702 1443 910 1499 saepissime
939 1457 1040 1486 irrito
1065 1459 1154 1487 nisu.
1182 1454 1362 1498 Linguam
1383 1454 1513 1499 projici
1542 1466 1620 1488 non
1648 1454 1742 1500 vidi,
1766 1466 1806 1491 ut
1829 1456 1883 1492 nil

266 1520 385 1548 minus
405 1524 514 1559 quam
536 1510 673 1544 fascino
690 1520 906 1543 evanescere
920 1509 1139 1543 viderentur.
1167 1507 1391 1556 Simpliciter
1410 1519 1537 1556 aperto
1559 1522 1622 1544 ore
1642 1509 1883 1561 celeriterque
1922 1512 1928 1518 ”

267 1571 392 1606 clauso
405 1580 511 1616 saepe
524 1566 614 1602 nihil
628 1580 751 1614 ‚saepe
769 1577 910 1610 terram,
924 1578 1031 1614 saepe
1044 1565 1237 1599 dimidium
1250 1564 1363 1599 modo
1378 1570 1558 1599 insectum
1572 1567 1883 1614 apprehendebat.

340 1628 410 1661 Ao.
440 1626 535 1671 17233.
557 1637 669 1672 quum
699 1624 885 1671 bucusque
909 1622 1131 1667 delituisset,
1157 1633 1224 1655 nec
1245 1620 1351 1656 valde
1370 1620 1498 1668 frigida
1520 1621 1642 1658 suisset
1666 1633 1883 1673 tempestas,

267 1695 409 1736 praeter
427 1689 562 1732 primos
577 1682 650 1715 dies
672 1684 833 1716 Januarii
846 1709 853 1723 ,
881 1680 938 1714 ubi
955 1686 1100 1714 intenso
1118 1678 1202 1726 gelu
1219 1683 1343 1713 onmia
1361 1684 1557 1714 constricta
1571 1690 1673 1715 erant
1688 1708 1696 1725 ,
1712 1691 1748 1716 et
1761 1682 1883 1719 adhuc

267 1746 299 1779 δ’.
320 1745 456 1777 ,Ϊιιιιιιιιυ
492 1752 600 1774 mune
633 1744 756 1772 onmia
787 1737 1021 1785 conglaciata,
1044 1746 1168 1781 erant,
1193 1740 1381 1783 apparuit,
1404 1745 1438 1770 et
1458 1736 1611 1771 meridie
1628 1736 1752 1784 pluvia
1770 1748 1806 1774 et
1827 1751 1884 1774 re-

262 1799 403 1848 ‘gclutio
426 1798 563 1832 incidit.
594 1797 652 1830 An
674 1796 767 1830 adeo
792 1801 1014 1843 tempestatis
1037 1799 1279 1828 mutationem
1300 1794 1526 1841 praesensit?

342 1858 397 1892 Eo
419 1856 477 1889 <lie
499 1868 646 1902 quoque
670 1866 754 1888 rana
779 1853 929 1888 arborea
953 1852 1110 1886 nitidum
1136 1850 1302 1885 colorem
1327 1850 1479 1885 viridem
1500 1850 1670 1886 ostendit.

342 1914 431 1948 Fine
452 1914 609 1947 „Ianuarii
640 1922 675 1946 et
704 1917 807 1946 initio
841 1910 1025 1945 Februarii
1056 1921 1137 1944 cum
1165 1921 1252 1943 rana
1274 1907 1427 1943 arborea
1457 1913 1607 1955 exiguus
1635 1907 1723 1942 bufo
1747 1908 1882 1946 rubens

269 1976 448 2007 continuo
465 1969 589 2003 adsuit.
619 1968 749 2003 Cibum
775 1967 949 2016 praebere
970 1979 1045 2000 nou
1070 1971 1183 2013 potui.
1215 1966 1261 2000 D.
1292 1981 1342 2001 io.
1364 1965 1465 2000 Febr.
1487 1974 1703 2001 extenuatus
1718 1977 1883 2003 mortuus

269 2038 450 2077 repertu&
477 2037 511 2061 et
527 2032 618 2060 circa
644 2028 696 2061 25.
721 2025 822 2060 Febr.
844 2031 953 2060 etiam
976 2022 1102 2058 ranula
1126 2021 1278 2056 arborea
1298 2027 1435 2057 inunita
1462 2028 1578 2070 periit.

344 2085 460 2119 Video
482 2085 552 2129 jam
575 2093 610 2117 et
630 2082 744 2126 iiimi3
771 2095 883 2130 quum
912 2084 1007 2128 ¹795-
1034 2080 1088 2126 (A
1113 2079 1163 2126 ὃ.)
1195 2078 1293 2113 Julio
1319 2079 1535 2114 derelictum
1555 2084 1688 2114 vitrum
1711 2088 1803 2115 terra
1826 2093 1883 2116 re-

269 2143 410 2191 pletum
433 2147 625 2184 examino,
648 2146 787 2188 reperio
812 2146 848 2173 in
879 2138 994 2173 fundo
1028 2137 1197 2184 reliquias
1229 2133 1394 2179 busonis,
1416 2141 1477 2183 qui
1498 2135 1547 2170 ibi
1569 2142 1815 2184 computruit,
1841 2148 1883 2174 ut

270 2201 364 2236 adeo
385 2205 496 2236 etiam
513 2199 586 2235 hoe
605 2197 720 2233 modo
741 2196 807 2233 sub
828 2207 919 2233 terra
939 2194 1122 2232 reconditi
1141 2191 1294 2229 bufones
1315 2191 1431 2229 satum
1450 2205 1556 2229 suum
1579 2198 1771 2241 reperiant.
