2054 2748
269 147 345 204 13ss
619 150 1099 188 OBSERVATIONES
1134 152 1496 182 ZOOLOGICAE„

334 246 476 279 Parisiis
500 249 592 287 cmi,
617 243 714 289 1763.
736 248 773 276 in
792 246 918 289 spiritu
938 244 1030 284 vini,
1055 248 1180 287 postea
1204 236 1428 272 farciendam
1449 240 1580 271 curavi.
1609 234 1703 270 Cum
1726 233 1869 270 (3111011-

261 308 393 337 nianac
414 301 584 336 editionis
603 298 791 348 speciebus
811 302 1038 345 compar-avr,
1062 308 1131 345 nec
1152 300 1303 342 reperio.

334 389 396 423 De
410 388 608 424 Alcedine
623 385 754 433 ispida
773 383 1012 418 memorabile
1027 393 1090 427 est,
1106 381 1207 430 quod
1223 383 1292 415 Ao.
1311 378 1456 427 (1799.)
1475 378 1597 414 retulit
1611 376 1870 413 Schanenbur-

262 451 340 493 gius
360 445 678 480 I·[erlishe1niensis
694 470 702 485 ,
733 454 770 475 se
798 440 920 489 pullos
949 446 1112 488 quinque
1135 451 1268 473 coecos
1296 437 1417 472 adhuc
1446 441 1636 471 nutrivisse
1660 434 1761 469 domi
1786 445 1871 468 suae

262 502 439 551 piscibus,
468 511 503 534 et
523 512 582 532 vas
608 510 702 546 aqua
726 497 877 546 plenum
904 497 975 531 illis
995 496 1261 545 proponendo:
1289 504 1373 542 post
1396 503 1467 528 tres
1486 505 1630 527 menses
1653 501 1872 526 excoecatos

262 573 358 604 esse,
390 569 424 593 et
444 563 604 605 primum
622 554 775 600 oeulos,
800 565 929 603 postea
954 564 1132 599 rostrum,
1161 552 1314 588 tandem
1341 561 1450 599 caput
1471 562 1678 598 gangraena
1705 557 1873 595 correpta

263 629 358 660 csse,
384 625 417 649 et
445 618 602 661 periisse.
631 613 693 646 An
718 611 791 646 hoc
813 611 1013 659 analogum
1037 610 1092 645 illi
1119 610 1221 658 quod
1248 609 1355 644 refert
1385 608 1431 643 de
1463 617 1571 642 anate
1604 606 1758 641 tadurna
1787 602 1873 638 Buf-

262 674 397 716 sonius,
418 683 498 704 eam
520 668 665 704 defectu
682 681 799 717 aquae
815 674 976 703 marinae
996 673 1123 716 perire.
1150 668 1211 701 An
1227 667 1329 715 quod
1347 667 1419 713 (uti
1443 677 1555 713 gener
1567 673 1694 712 postea
1710 659 1871 709 scripsit)

262 739 468 765 muscarum
484 726 603 761 larvae
616 754 624 768 ,
647 726 749 774 quod
770 731 807 760 in
825 724 949 760 avibus
964 723 1053 759 alias
1073 724 1205 759 accidit
1221 751 1229 768 ,
1252 734 1288 758 et
1305 723 1360 758 illi
1383 729 1422 757 111
1443 721 1584 757 alaudis
1598 719 1874 768 passeribusque

262 791 402 829 creuit,
431 794 467 818 et
492 782 584 816 1111111
607 788 645 816 111
672 795 757 817 rana
785 787 1006 830 temporaria
1039 780 1271 816 observatum
1300 791 1378 824 est,
1405 785 1515 828 capiti
1544 782 1737 825 impositae
1763 774 1874 810 sunt'?

262 843 399 877 Mirum
421 840 458 876 id
488 839 679 883 omnibus,
703 844 867 886 quinque
898 850 1071 882 numero,
1101 837 1285 872 accidisse.
1313 836 1417 879 (Vidi
1450 848 1579 870 omnes
1607 834 1771 880 ejusdem
1798 831 1876 866 nidi

261 899 384 947 pullos
399 902 601 946 passerinos
622 908 768 930 muscae
784 902 936 931 caesaris
958 895 1063 931 larvis
1088 894 1272 944 repletos,
1294 893 1520 944 tandemque
1541 901 1718 927 mortuos.
1738 889 1827 932 Ed.)

334 984 491 1020 Alcedo
506 985 746 1030 smyrnensis
765 1010 774 1023 ‚
801 983 891 1016 Var.
906 998 942 1028 γ.
966 983 1138 1017 Οηιείίη.
1162 983 1262 1028 Sysc.
1283 991 1365 1016 nac.
1379 995 1416 1028 p.
1432 981 1510 1025 457.
1532 993 1580 1014 ex
1599 976 1876 1026 Tranquebaria

261 1041 355 1077 1111111
375 1047 480 1075 1111553
501 1045 573 1074 avis
587 1068 595 1084 ,
620 1049 733 1074 tarsos
754 1038 1004 1086 longiusculos
1017 1067 1025 1083 ,
1041 1049 1077 1074 et
1098 1039 1209 1086 pedes
1229 1038 1334 1072 nullo
1349 1037 1462 1072 modo
1480 1042 1674 1085 gressorios
1688 1063 1696 1079 ,
1710 1034 1774 1070 sed
1788 1044 1875 1069 sane

262 1097 527 1133 ambulatorios
551 1095 670 1130 habet.
700 1097 810 1130 Fraus
832 1101 870 1129 in
893 1106 975 1130 cute
997 1095 1166 1130 nondum
1186 1095 1275 1129 farta
1296 1095 1441 1129 subesse
1464 1107 1542 1128 non
1562 1099 1693 1142 potuit.

335 1183 490 1219 Alcedo
521 1182 650 1224 rudis,
675 1180 768 1216 mihi
790 1194 835 1215 ex
855 1181 1131 1229 Tranquebaria
1150 1187 1278 1225 missa,
1299 1181 1410 1229 pedes
1429 1185 1670 1228 proportione
1692 1177 1876 1226 longiores

262 1241 453 1289 aliquanto
479 1251 590 1287 quam
603 1244 639 1273 in
659 1238 775 1286 ispida
796 1238 966 1286 aliisque,
992 1247 1028 1273 et
1048 1250 1194 1286 prorsus
1217 1249 1303 1272 sane
1323 1236 1588 1272 ambulatorios
1609 1235 1731 1271 habet.

335 1328 513 1373 Ilfferopis
533 1327 702 1372 apiastri
724 1330 810 1359 icon
828 1324 1110 1360 Daubenconii
1124 1326 1177 1372 pl.
1196 1324 1344 1359 enlzmz.
1369 1333 1422 1359 nf’
1438 1324 1518 1371 938.
1542 1335 1627 1358 cum
1649 1327 1771 1357 nativo
1797 1333 1878 1369 spe-

264 1389 398 1419 cimine
423 1382 559 1416 collata
584 1381 689 1414 nullo
717 1381 831 1414 modo
861 1390 988 1413 exacte
1014 1381 1225 1426 respondet.
1261 1381 1376 1414 Frons
1403 1391 1481 1413 non
1507 1389 1562 1413 sat
1590 1383 1877 1423 cyaneo-nitens.

265 1440 414 1475 Collare
434 1444 578 1485 nigrum
599 1443 693 1470 inter
711 1435 834 1483 gulam
855 1434 1091 1483 sulphuream
1106 1445 1142 1470 et
1157 1444 1283 1483 pectus
1299 1435 1409 1470 deest.
1429 1436 1569 1470 Venter
1582 1440 1746 1468 cinereus
1760 1462 1768 1478 ,
1788 1434 1878 1468 mihi

266 1499 616 1543 cyaneo-virescenti
638 1498 764 1527 varius.
792 1491 952 1527 Flavedo
977 1491 1217 1526 humerorum
1242 1492 1332 1526 mihi
1361 1497 1480 1526 minus
1504 1491 1643 1536 vivida,
1669 1491 1782 1538 longe
1809 1491 1877 1526 ob-

265 1559 404 1589 scurior
426 1551 489 1586 illa
510 1550 627 1597 gulae.
656 1552 824 1597 Remiges
842 1549 1079 1584 secundariae
1095 1559 1130 1584 et
1145 1555 1313 1584 rectrices
1334 1554 1450 1597 magis
1473 1558 1630 1584 saturate
1647 1548 1774 1584 virides
1795 1561 1881 1584 cum

266 1617 385 1647 nitore
405 1607 585 1643 subfusco.
614 1609 744 1655 Neque
764 1613 944 1654 remigum
963 1618 1058 1654 apex
1077 1606 1170 1642 adeo
1192 1606 1361 1641 distincte
1384 1612 1509 1654 nigei-3
1532 1605 1596 1640 sed
1612 1612 1764 1653 remiges
1783 1618 1879 1640 mar-

267 1674 351 1716 gine
379 1671 521 1714 postico
542 1670 670 1712 nigro,
700 1677 827 1712 scapus
858 1669 969 1698 etiam
990 1669 1100 1715 niger.
1130 1664 1189 1698 An
1207 1663 1300 1698 sorte
1324 1669 1390 1698 ista
1411 1663 1524 1711 figura
1546 1663 1721 1698 feminam
1740 1663 1878 1699 refert?

267 1723 421 1760 Frischii
442 1722 554 1770 figura
573 1721 763 1769 aliquanto
786 1720 915 1759 melius
936 1721 1154 1769 respondet,
1178 1726 1373 1768 praecipue
1393 1727 1431 1754 in
1449 1720 1587 1755 collari.

340 1784 477 1816 Bernae
504 1792 584 1814 raro
613 1778 785 1826 quidem,
816 1778 881 1813 sed
902 1778 1052 1827 quando
1079 1778 1248 1823 advenit,
1276 1783 1464 1813 turmatim
1492 1777 1600 1814 volat.
1633 1778 1877 1826 Spn'mglins.

269 1839 503 1887 Argentorati
524 1848 738 1884 nunquam,
761 1835 863 1884 quod
878 1841 1007 1879 sciam,
1027 1840 1133 1870 visus.

441 1928 805 1971 CERTHIA
850 1925 1486 1970 FLAVIVENTRIS,
1545 1925 1708 1969 Nobis.

342 2010 471 2043 Fusca
487 2036 496 2048 ‚
528 2016 664 2041 ventre
685 2007 807 2052 ssavo
828 2034 839 2049 ,
862 2007 1009 2040 vertice
1033 2003 1250 2053 axillisque
1277 2005 1426 2042 viridi-
1436 2005 1582 2054 jugulo
1611 2008 1879 2054 uropy'gioque

271 2063 657 2113 cztpoeo-nicetzcibns.

344 2120 590 2169 Magnitudo
616 2120 776 2154 cert'hiae
800 2119 996 2155 familiaris.

346 2179 454 2213 Alae
471 2177 518 2212 ad
536 2189 651 2225 usque
672 2177 848 2223 caudam,
875 2177 1020 2214 brevem
1039 2181 1213 2222 0111111110,
1234 2181 1458 2225 pertingunt.

346 2237 401 2270 Ex
425 2233 699 2281 Tranquebaria
719 2238 826 2268 missa
854 2234 922 2269 Ao.
944 2235 973 2269 5.
998 2233 1141 2282 (1796.)

1661 2284 1881 2319 CERTHIA
