2054 2748
254 128 332 185 176
635 137 1080 172 osssEmmiTIONEs
1123 139 1471 171 zooLoctcAE.

319 323 400 358 Dm
422 323 454 360 5.
475 322 631 358 Floreal.
655 324 685 358 S.
715 320 859 370 (1799.)
886 325 1005 356 occisa
1032 333 1149 370 prope
1172 321 1470 369 Argentoratum.

320 380 463 416 Statura
487 384 735 426 nycticoracis.
768 379 958 413 Rostrum
981 378 1172 427 aliquanto
1198 378 1362 422 brevius;
1393 390 1591 424 corneum,
1618 385 1782 429 margine
1806 386 1863 416 in-

246 438 377 474 feriore
396 438 570 473 maxillae
589 440 782 484 superioris
806 445 842 470 et
864 434 941 470 basi
960 435 1141 471 inferioris
1164 442 1376 471 virescente.
1399 436 1539 471 Peleus
1556 442 1748 484 nigricans.
1776 438 1863 472 Col-

247 496 331 530 lum
355 501 562 539 cinei-curn,
591 504 798 541 pennarum
819 491 918 527 linea
950 491 1214 542 longitudinali
1238 492 1466 529 flavescente.
1497 495 1672 529 Dorsum
1699 499 1866 530 cinereo-

246 558 438 600 nigricans.

319 611 503 654 Rcmiges
517 606 629 655 paulo
651 606 874 655 pallidiores.
897 606 1068 642 Secunda
1085 616 1121 643 et
1137 613 1243 643 tertia
1254 607 1458 655 longiores,
1479 606 1714 655 longitudine
1729 619 1864 656 aequa-

246 667 318 711 les,
337 671 439 713 apice
455 663 583 709 albae,
603 664 747 699 macula
767 670 910 699 minore
924 671 961 699 in
974 669 1099 713 primis
1115 675 1151 700 et
1166 665 1387 700 secundariis
1402 670 1606 713 postremis.
1623 664 1867 700 Intermediae

246 722 411 758 mac-ulae
435 727 473 756 in
502 721 619 756 latum
651 721 792 756 ductae.
825 722 915 757 Tres
938 731 1146 770 postremae
1175 721 1297 757 nullas
1323 721 1486 757 maculas
1520 721 1668 757 habent.
1694 721 1867 757 Maculae

246 779 381 815 similes
402 780 558 824 majores
582 784 620 813 in
645 778 878 825 rectricibus⁷
912 784 951 813 in
970 784 1133 826 margine
1151 784 1344 818 anteriore.
1368 779 1533 813 Eaedem
1551 784 1588 813 in
1613 778 1714 813 alula
1734 783 1864 826 spuria.

323 838 517 872 Tecti-joes
546 836 699 871 secundi
720 836 858 871 ordinis
887 835 1009 871 nullas
1040 835 1205 881 habent,
1236 846 1379 883 praeter
1410 848 1523 870 unam
1554 834 1801 883 irregulariter
1829 840 1868 869 in

246 900 390 929 sinistro
412 892 536 928 latere.
561 894 749 928 Tectrices
773 905 938 928 summae
960 893 1095 928 densae
1116 892 1308 938 axillares,
1334 891 1665 941 albo-punctatae,
1694 890 1779 927 alba
1801 896 1871 925 sci-

246 951 334 986 licet
355 963 463 998 parva
488 949 635 984 macula
657 955 695 984 in
717 955 821 997 apice
836 978 844 994 ‚
867 955 1082 985 intermixto
1102 956 1141 984 in
1160 949 1305 997 reliquo
1329 949 1430 984 disco
1451 960 1597 996 pennae
1616 947 1720 984 ssavo.

319 1006 454 1041 Subtus
476 1012 630 1053 remiges
650 1015 751 1040 totae
770 1011 935 1040 cinereae
948 1033 956 1049 ,
976 1005 1184 1040 tectricibus
1206 1005 1351 1040 macula
1366 1004 1628 1052 longitudinali
1648 1004 1743 1039 alba.

322 1064 521 1098 Reccrlces
551 1072 651 1097 totae
676 1068 843 1096 cinereae
860 1090 868 1106 ‚
890 1061 1014 1109 plures
1041 1075 1153 1110 quam
1185 1061 1316 1097 decem
1347 1074 1427 1096 non
1447 1067 1614 1110 reperi03
1642 1072 1765 1109 neque
1794 1059 1872 1096 ulla

248 1119 373 1154 deesse
392 1118 542 1153 videtur.
565 1120 607 1152 In
628 1122 861 1163 nycticorace
885 1127 970 1152 sunt
996 1117 1205 1152 duodecim.

320 1174 538 1211 Szcbalares
564 1180 753 1220 cinereae,
772 1184 827 1209 sat
847 1173 991 1223 longae.
1020 1174 1148 1210 Pedes
1170 1179 1400 1211 virescentes.

606 1279 886 1323 ARDEA
941 1278 1514 1324 NYCTICORAX.

320 1378 423 1413 M1111
439 1388 589 1425 quoque
601 1377 738 1412 femina
753 1390 798 1412 ex
816 1376 1095 1424 Tranquebaria
1114 1377 1241 1411 Indiae
1255 1382 1363 1411 missa
1380 1389 1401 1411 a
1415 1375 1603 1421 Rottlero,
1632 1387 1727 1424 quae
1740 1379 1872 1425 pennis

249 1440 417 1483 occipitis
440 1443 549 1468 caret.

323 1494 399 1527 Iris
419 1495 628 1538 sanguinea.
653 1488 781 1524 Pedes
801 1489 940 1538 pallide
964 1489 1066 1534 ssavi,
1099 1498 1162 1524 aut
1188 1494 1319 1524 citrini.
1347 1489 1606 1523 Exsiccatione
1629 1494 1714 1524 tarsi
1736 1488 1871 1525 susces-

250 1559 360 1595 cunt‚
380 1548 483 1596 digiti
502 1556 625 1582 autem
641 1546 835 1582 rufescunt.
856 1548 992 1581 Nescio
1012 1558 1076 1581 cur
1094 1545 1282 1581 Kleinius
1297 1548 1339 1580 in
1358 1545 1716 1593 Vogelgesclziclzce
1732 1560 1770 1594 p.
1796 1547 1872 1582 132.

250 1617 365 1642 tarsos
384 1617 469 1640 cum
484 1613 601 1639 rostro
622 1609 841 1651 sanguineos
862 1603 991 1649 faciat,
1017 1602 1119 1651 quod
1134 1615 1326 1651 nunquam
1341 1602 1424 1639 vidi.
1443 1602 1696 1650 Pis-:prehendit
1717 1602 1874 1651 figuram

250 1662 403 1700 Frischii
430 1661 479 1696 ob
504 1671 684 1696 tat-sorum
706 1660 893 1704 coloren13
919 1659 984 1695 sed
1005 1669 1104 1695 recte
1128 1672 1166 1695 se
1187 1659 1309 1695 habet.

324 1722 367 1755 In
393 1723 594 1768 specimine
619 1717 722 1766 quod
747 1730 767 1752 e
786 1719 981 1765 Pyrenaeis
1010 1716 1155 1763 habeo,
1179 1729 1326 1765 pennae
1350 1720 1478 1751 cristae
1503 1715 1626 1764 plures
1647 1727 1759 1765 quam
1780 1725 1871 1764 tres,

251 1777 315 1814 sed
335 1776 470 1812 breves.
493 1777 633 1824 Utique
657 1787 800 1824 semper
822 1775 873 1810 ibi
892 1774 1034 1825 plures,
1063 1786 1127 1810 sex
1145 1774 1193 1810 ad
1216 1773 1435 1821 duodecim,
1470 1778 1523 1809 uti
1551 1772 1678 1809 retulit
1695 1774 1872 1821 Peyron-

252 1838 334 1871 sius
360 1839 399 1868 in
414 1833 551 1869 litteris.

326 1890 585 1926 Daubentonii
608 1896 733 1926 icones
752 1896 873 1939 pictae
891 1888 1057 1924 tabulam
1077 1889 1156 1936 759.
1176 1901 1243 1937 pro
1269 1888 1407 1924 semina
1427 1887 1602 1927 exhibent
1623 1901 1630 1922 :
1653 1897 1690 1923 et
1719 1887 1872 1923 Gmelc‘-

256 1961 331 1984 mas
345 1950 386 1984 in
402 1948 630 1995 Sysc.Limz.
647 1962 713 1997 pro
730 1953 903 1984 varietate
922 1951 1108 1995 proponit.
1124 1947 1317 1985 feminam
1331 1959 1410 1981 non
1421 1958 1497 1981 esse
1510 1956 1653 1981 certum
1663 1955 1726 1981 est.
1741 1944 1871 1980 Habeo

255 2011 354 2041 enim
377 2017 470 2054 quae
502 2004 550 2040 ob
576 2018 643 2042 ova
668 2018 761 2054 quae
791 2009 997 2049 continuit,
1023 2008 1222 2038 certissime
1250 2003 1386 2038 femina
1407 2013 1479 2048 est,
1509 2003 1640 2038 eadem
1669 2012 1805 2038 statura
1835 2013 1874 2039 et

255 2062 404 2108 colore,
427 2062 664 2098 solummodo
686 2069 814 2098 cristae
839 2061 986 2097 defectu
1013 2060 1201 2096 diversam.
1233 2062 1450 2106 Peyrousius
1476 2070 1600 2095 autem
1618 2065 1712 2094 mari
1729 2059 1873 2094 similli-

254 2133 356 2157 mam
375 2119 482 2165 dicit,
507 2132 628 2167 neque
646 2120 800 2167 figuram
813 2119 874 2154 Pl.
890 2118 1038 2153 enlum.
1055 2117 1135 2166 759.
1155 2117 1377 2166 respondere
1393 2131 1402 2161 3
1428 2127 1464 2153 et
1483 2129 1577 2165 quae
1593 2115 1784 2151 Buffonius
1795 2117 1875 2153 VII.

256 2189 290 2225 p.
308 2177 386 2224 437.
407 2176 453 2212 de
470 2176 535 2212 illa
556 2177 645 2217 dicit
656 2205 663 2222 a
676 2189 755 2212 non
770 2186 1018 2214 consentanea
1033 2187 1120 2212 esse.
1133 2174 1185 2211 Cf.
1200 2175 1442 2223 Peyrorcsizcs
1461 2176 1505 2210 in
1522 2174 1563 2212 N
1567 2187 1631 2213 ov.
1645 2175 1746 2216 Act,
1761 2173 1873 2215 Suec.

262 2235 362 2281 1782.
385 2234 503 2269 Trim.
525 2235 580 2270 II.
596 2226 655 2270 Δηρ
673 2247 704 2270 2.

1748 2287 1875 2334 Quum
