2054 2748
300 130 382 174 282
672 137 1122 171 OBSERVATmNEs
1156 140 1524 170 ZOOLocicAE.

297 228 482 276 Squamae
501 237 702 271 concavae,
724 225 777 259 nil
792 230 911 258 minus
927 235 1038 272 quam
1060 229 1253 260 carinatae.
1282 224 1391 260 Duae
1406 230 1512 260 series
1530 224 1697 260 laterales
1718 224 1907 262 latioribus

296 290 412 331 magis
432 282 638 318 rotundatis
657 286 816 330 squamis
836 290 1057 316 constantes.

370 342 482 376 Missa
498 345 589 375 cutis
609 336 894 386 Tranquebaria.
922 338 993 373 Ao.
1013 351 1045 385 7.
1068 338 1214 386 (1799.)

368 400 411 432 In
432 397 547 432 altera
566 402 708 430 minore
736 404 843 430 antea
864 400 971 430 missa
995 407 1168 443 squamae
1197 400 1317 430 minus
1342 407 1545 442 concavae,
1578 406 1615 432 et
1636 395 1768 431 saltem
1788 401 1909 431 minus

296 454 468 491 distincte
487 459 555 489 isto
578 451 692 487 modo
717 457 878 487 seriatae.

644 551 1031 596 COLUBER
1075 551 1381 596 PARIAS.
1418 552 1579 597 Nobis.

371 651 438 691 247
457 656 524 677 z
551 644 610 679 181
633 651 680 683 -f—
700 642 757 679 66.

368 700 546 746 Albidus,
565 699 732 734 rhombis
747 698 952 735 dorsalibus
971 704 1083 747 nigris
1098 704 1349 734 concatenatis
1363 726 1371 743 ,
1386 698 1550 734 formatis
1568 710 1615 734 ex
1628 703 1788 747 squamis
1802 703 1908 747 nigro

294 768 439 794 tantum
459 762 679 806 marginatis.
706 759 748 792 In
767 762 927 806 squamis
946 755 1171 792 ventralibus
1192 755 1286 791 duae
1314 755 1481 791 maculae
1503 762 1705 804 trapeziae,
1728 767 1809 791 raro
1830 766 1910 792 tan-

296 826 375 852 tun]
400 828 484 850 Una.

366 870 577 919 Longitudo
597 870 789 920 bipedalis.
817 869 1135 918 Crassitiesdigiti.

366 928 508 976 Accepi
526 929 596 964 Ao.
617 930 676 963 VI.
700 929 803 976 Reip.
838 926 984 975 (1798.)
1021 939 1043 962 a
1070 924 1268 961 Roubione
1299 925 1622 975 MonspessulanO.
1648 925 1750 962 Dedi
1772 937 1911 962 nomen

295 998 317 1020 a
335 994 504 1032 serpente
521 986 706 1031 pareias,
736 990 799 1031 qui
818 983 1069 1018 Demostheni
1089 992 1125 1017 et
1145 981 1389 1029 Aristophani
1412 988 1636 1018 nominatur.

369 1089 535 1126 Coluber
556 1089 719 1136 jaculus,
742 1088 922 1123 Acontias
946 1097 1132 1133 veterum,
1155 1087 1382 1122 Ochillanne
1405 1089 1630 1134 Turcarum,
1667 1089 1765 1136 (sine
1798 1090 1912 1127 dubio

294 1146 419 1184 italica
436 1158 528 1192 vox,
549 1151 633 1195 quia
661 1143 791 1180 ocellis
814 1154 868 1179 est
886 1143 1024 1193 pictus)
1046 1143 1169 1179 Saetta
1188 1156 1404 1191 graecorum
1428 1143 1469 1192 (a
1489 1143 1672 1193 Sagitta),
1698 1145 1915 1184 describitur

294 1214 331 1239 et
353 1203 562 1239 delineatur
581 1215 603 1238 a
622 1201 810 1237 Bellonio
830 1201 1099 1249 Singularitas
1118 1201 1161 1236 L.
1180 1202 1236 1236 II.
1251 1214 1336 1250 cap.
1356 1207 1408 1245 14„
1431 1208 1496 1251 qui
1515 1208 1556 1238 in
1574 1202 1709 1239 Rhodo
1728 1203 1846 1241 insula
1860 1210 1914 1241 vi-

295 1261 359 1298 dit.
387 1259 527 1296 Ocellis
549 1259 754 1308 torpedinis
778 1257 942 1294 maculas
962 1258 1026 1294 has
1052 1268 1252 1306 comparat.

438 1359 826 1405 COLUBER
867 1358 1572 1405 MELANOGASTER.
1616 1358 1781 1404 Nobis.

372 1456 442 1497 248
461 1467 529 1489 r:
548 1453 618 1490 216
632 1461 678 1493 -μ-
698 1453 753 1487 32.

370 1509 660 1559 Sesquipedalis;
693 1507 861 1543 olorinae
883 1518 1028 1555 pennae
1053 1512 1222 1542 crassitie.
1257 1505 1397 1551 Albus,
1425 1505 1543 1542 fasciis
1568 1512 1678 1554 nigris
1706 1514 1915 1547 transversis

296 1567 502 1604 dorsalibus
517 1571 725 1614 sexaginta,
741 1577 836 1615 quae
850 1563 1077 1613 quandoque
1096 1569 1136 1598 in
1150 1562 1275 1598 medio
1296 1569 1538 1611 interruptae,
1553 1573 1616 1598 aut
1636 1569 1745 1600 etiam
1759 1577 1804 1600 ex
1823 1566 1913 1602 dua-

295 1625 364 1661 bus
386 1624 571 1673 quadratis
594 1622 748 1658 maculis
771 1622 819 1657 ad
840 1620 996 1670 angulos
1015 1632 1052 1655 se
1074 1619 1310 1668 tangentibus
1328 1619 1516 1655 formatae.
1551 1621 1691 1656 Venter
1707 1634 1774 1670 per
1797 1633 1914 1659 totam

298 1680 573 1729 longitudinem
591 1685 703 1727 niger.
731 1681 852 1728 Caput
870 1689 1025 1726 parvum
1043 1677 1290 1713 indiscretum.
1317 1676 1444 1712 Gauda
1462 1676 1589 1714 brevis.

375 1740 433 1774 Ex
452 1737 556 1773 India
573 1735 743 1772 orientali
761 1749 782 1771 a
801 1734 1050 1772 Stadtmanno
1074 1739 1213 1770 missus.

372 1796 504 1842 Figura
524 1792 745 1829 domicellae
768 1793 857 1828 Litz.
880 1791 994 1840 Apud
1017 1790 1152 1826 Sebam
1171 1796 1300 1840 utique
1318 1789 1436 1826 forma
1451 1800 1488 1827 et
1507 1790 1636 1827 colore
1655 1803 1802 1840 prorsus
1821 1805 1914 1830 con-

298 1856 418 1889 venit:
437 1850 501 1887 sed
518 1856 687 1887 immanis
702 1850 888 1886 diversitas
907 1859 1157 1884 numerorum.

690 1948 1077 1995 COLUBER
1121 1946 1522 1993 FULVIUS?

372 2046 500 2091 Meus,
519 2050 547 2080 si
561 2044 621 2079 hic
639 2054 710 2089 est,
729 2057 749 2080 a
765 2042 1023 2079 Lubomirskio
1042 2041 1148 2077 datus
1162 2040 1232 2076 258
1250 2053 1317 2076 z
1331 2042 1400 2077 228
1414 2049 1461 2081 —1—
1479 2041 1533 2077 30.
1560 2043 1690 2090 Capite
1704 2040 1915 2090 indiscretO,

302 2103 419 2139 cauda
438 2111 645 2146 attenuata,
668 2101 733 2136 sed
750 2114 829 2136 non
848 2099 1074 2148 gracillima3
1093 2096 1239 2134 annulis
1259 2101 1387 2145 viginti
1408 2104 1572 2146 quinque
1587 2102 1698 2145 nigris
1705 2111 1714 2143 5
1733 2097 1839 2135 fulvis
1854 2105 1915 2136 vix

301 2160 512 2205 maculatis,
535 2171 606 2194 nec
623 2163 743 2193 antice
762 2163 976 2207 posticeque
995 2155 1106 2192 albis:
1127 2159 1284 2190 crassitie
1303 2166 1448 2203 pennae
1472 2154 1649 2190 olorinae.

376 2217 481 2254 Alter
504 2228 607 2253 meus
636 2222 706 2258 242
730 2228 797 2251 ;.-·..
816 2228 886 2254 2υ2
901 2224 948 2258 -i-
965 2221 1021 2258 40.
1048 2211 1226 2263 Adultior
1248 2217 1408 2249 exactius
1429 2221 1465 2249 et
1488 2210 1648 2261 perfecte
1667 2224 1753 2249 cum
1777 2211 1912 2249 coloris
