2054 2748
773 166 1073 197 PISCES.
1641 174 1722 215 297

118 251 295 297 formam,
321 261 432 299 quam
446 249 591 286 Blochii
611 249 733 297 figura.
760 250 896 284 Radius
915 256 1052 298 primus
1079 255 1214 298 pinnae
1238 249 1389 285 dorsalis
1408 259 1535 300 prioris
1560 259 1596 288 in
1627 265 1724 290 utra-

120 320 191 356 que
210 308 324 355 figura
348 317 493 352 acutus,
516 319 600 341 meo
620 312 710 354 pisci
725 306 984 341 obtusissimus.
1013 306 1167 341 Blochio
1184 313 1364 342 anteriore
1383 316 1545 356 margine
1559 322 1723 355 serratus,

117 364 210 398 mihi
224 364 334 411 plane
355 363 474 399 laevis.
502 365 620 398 Pinna
639 362 830 408 venti-alis,
846 362 933 398 licet
952 369 991 397 in
1010 365 1147 409 majore
1169 369 1285 411 pisce,
1309 363 1401 398 mihi
1420 371 1561 411 minor,
1577 375 1724 414 paucio-

117 420 216 454 ribus
240 420 538 468 brevioribusque
560 420 687 465 radiis,
710 425 828 467 primo
856 418 1068 454 nullatenus
1089 420 1240 455 dentato
1255 448 1263 464 ‚
1290 425 1343 455 uti
1361 433 1480 455 rursus
1505 420 1616 458 habet
1639 424 1724 458 Blo-

117 476 229 511 chius.
256 477 346 510 Tres
371 482 478 512 series
501 476 715 511 aculeorum
739 476 787 510 ad
810 475 913 510 basin
937 481 1072 524 pinnae
1101 476 1273 512 ventralis
1302 489 1323 511 a
1348 476 1503 512 Blochio
1535 490 1723 526 expressae

117 532 250 567 adsunt
271 538 417 581 utique,
439 533 526 567 licet
549 532 597 568 ob
619 538 819 578 rationem,
840 545 911 580 qua
936 538 1042 580 piscis
1061 531 1195 567 farctus
1222 543 1297 578 est,
1320 533 1515 569 obscurius.
1542 535 1615 570 Sed
1635 536 1724 570 den-

117 594 209 623 tium
240 595 433 637 praecipue
460 588 578 623 forma
600 594 761 636 situsque
788 594 827 623 in
854 601 938 623 meo
962 588 1074 636 plane
1101 589 1295 625 abludunt.
1331 589 1491 638 Oblique
1519 602 1726 627 antrorsum

116 655 202 680 sunt
222 645 368 689 directi,
392 651 495 693 apice
515 650 668 690 sinuati,
690 644 856 690 latiores,
882 654 918 680 et
937 651 988 680 uti
1007 646 1082 691 jam
1106 645 1265 691 dictum,
1285 653 1483 694 pauciores.
1511 649 1590 683 Nisi
1610 653 1647 683 in
1671 649 1725 683 his

115 700 336 736 Blochianus
350 701 479 736 artifex
501 707 619 736 miuus
640 701 747 736 fuerit
771 711 980 746 accuratus,
1001 711 1037 736 et
1055 701 1228 737 Blochius
1249 708 1324 750 ipse
1342 708 1462 738 minus
1484 703 1538 738 illi
1558 705 1724 752 invigila-

115 763 224 802 verit,
244 763 298 792 uti
319 770 405 792 sane
426 757 510 793 fecit
531 764 568 792 in
589 758 687 803 aliis,
709 770 738 793 e.
754 770 786 805 g.
813 759 890 792 Zeo
917 757 1042 803 fabro,
1068 758 1132 793 ubi
1150 758 1264 794 multa
1289 759 1419 794 desunt
1438 772 1516 794 non
1538 773 1724 809 expressa:

116 823 151 848 et
172 819 223 848 uti
247 819 285 848 in
307 813 417 849 siluro
437 814 537 862 glani
560 814 790 849 essentialem
806 813 1054 848 characterem
1080 814 1386 862 praeterviderat‚
1411 828 1521 863 quem
1536 818 1628 852 vide.

187 871 245 904 Ex
272 872 488 905 Centuriore
512 873 601 917 Bary
628 873 852 919 Muzigensi,
879 876 938 905 cui
963 870 1062 904 hunc
1087 876 1225 918 piscem
1246 871 1388 916 debeo⁷
1409 878 1608 917 scis-citavi,
1636 887 1726 909 num

113 931 373 972 grunnientem
397 927 613 962 audivisset:
639 933 786 974 negavit
811 926 896 971 ille,
928 926 1015 961 licet
1041 939 1106 974 per
1128 940 1189 961 sex
1215 934 1412 962 continuos
1433 929 1508 963 dies
1532 935 1570 963 in
1592 936 1724 966 vicinia

114 980 247 1016 horum
262 989 418 1029 piscium
429 1010 437 1026 ,
457 983 524 1017 sub
538 995 627 1029 rupe
642 983 770 1017 decem
790 993 933 1017 tantum
952 982 1064 1028 pedes
1079 996 1099 1017 a
1114 988 1204 1016 mari
1218 993 1360 1018 remoto
1375 983 1582 1020 habitasset.
1602 988 1725 1031 Quare

114 1046 218 1072 tanto
239 1043 352 1084 magis
371 1037 550 1072 diversam
567 1043 729 1084 speciem
749 1050 824 1072 esse
849 1037 971 1072 credo,

184 1093 342 1128 vivendi
361 1092 474 1126 modo
504 1102 650 1137 autem,
674 1103 782 1139 quern
805 1092 995 1137 hucusque
1023 1091 1155 1125 nullibi
1180 1092 1402 1140 descriptum
1424 1101 1565 1142 reperi,
1591 1096 1724 1133 horum

113 1155 287 1197 piscium,
300 1151 476 1183 Centurio
497 1149 597 1183 idem
611 1150 722 1193 Bary,
742 1148 811 1182 Ao.
838 1148 935 1194 1795.
953 1146 1107 1194 (Ao.3)
1130 1147 1253 1183 retulit
1267 1149 1356 1183 mihi
1375 1162 1601 1198 sequentem.
1623 1155 1724 1189 Acu-

114 1205 174 1240 leo
203 1218 267 1239 suo
294 1205 424 1239 mobili
447 1210 520 1239 sive
548 1217 663 1239 cornu
691 1204 863 1239 adhaeret
883 1208 988 1251 piscis
1009 1204 1249 1251 scopulorum
1273 1211 1367 1253 apici
1382 1207 1440 1241 vel
1455 1209 1607 1243 corallio
1624 1238 1633 1255 7
1660 1222 1723 1247 aut

114 1268 320 1309 cuicunque
340 1261 449 1296 simili
473 1267 628 1309 corpori.
656 1264 708 1296 Ita
732 1261 824 1295 fixus
852 1269 994 1308 separat
1019 1270 1153 1295 ostreas
1181 1261 1420 1310 deglubitque
1445 1274 1480 1299 et
1500 1265 1627 1301 validis
1650 1273 1722 1303 suis

113 1317 285 1352 dentibus
313 1318 475 1352 corrodit
499 1323 733 1365 apperstque,
759 1327 799 1352 ut
817 1323 857 1351 iis
886 1323 1073 1351 nutriatur.
1102 1317 1225 1365 Atque
1245 1318 1282 1352 id
1303 1319 1348 1353 de
1369 1320 1497 1355 baliste
1520 1323 1641 1358 vetula
1659 1334 1723 1360 aut

114 1374 170 1408 illi
187 1374 295 1408 simili
319 1386 430 1421 quem
450 1373 497 1408 ab
517 1374 583 1408 illo
603 1379 752 1421 accepi,
772 1378 939 1408 narravit.
968 1374 1066 1406 Nam
1086 1385 1163 1407 non
1188 1386 1314 1408 omnes
1335 1377 1535 1422 conchyliis
1559 1383 1721 1416 victitare

112 1431 228 1465 video.
256 1432 318 1466 De
342 1429 474 1464 Vetula
497 1429 690 1465 Gmelinus
711 1429 839 1472 refert3
864 1429 910 1464 de
928 1427 1007 1463 aliis
1027 1427 1137 1463 aliam
1154 1430 1300 1465 vivendi
1317 1433 1471 1467 modum
1490 1445 1620 1470 narrat.

184 1540 227 1573 In
246 1537 318 1572 alio
340 1537 488 1582 baliste,
518 1542 581 1584 qui
605 1536 695 1571 mihi
716 1536 944 1572 Acaramuca
969 1538 1186 1584 Mai-cgravii
1207 1537 1348 1574 videtur
1372 1550 1407 1575 et
1435 1541 1481 1576 ad
1501 1555 1720 1580 monocero-

111 1605 187 1630 tem
199 1596 238 1629 L.
250 1593 459 1628 referendus
474 1603 527 1628 est
538 1621 546 1637 ‚
560 1605 675 1641 quum
689 1605 784 1641 aqua
800 1593 1058 1628 emollivissem
1073 1621 1081 1637 ,
1096 1593 1282 1630 observavi
1293 1606 1378 1631 ame
1394 1598 1521 1633 oculos
1537 1606 1599 1648 qui
1614 1602 1720 1638 valde

112 1650 246 1685 elevari
266 1659 463 1697 potuerunt
478 1677 487 1694 ,
515 1659 555 1683 ut
580 1655 834 1684 convexissimi
854 1660 994 1695 essent,
1023 1662 1098 1685 esse
1117 1657 1302 1698 superiora
1327 1666 1447 1689 versus
1466 1657 1638 1692 rimulam
1654 1659 1719 1694 ob-

111 1706 287 1754 longam,
308 1718 429 1753 neque
451 1705 539 1740 alias
562 1705 753 1741 observare
773 1706 879 1741 datur
900 1718 1013 1740 nares.

184 1761 346 1797 Aculeus
367 1768 493 1810 capitis
514 1761 645 1797 elevari
664 1772 786 1811 potest
804 1762 898 1797 ultra
914 1773 1055 1798 rectum
1075 1763 1271 1811 angulum,
1287 1775 1322 1800 et
1344 1766 1498 1814 deprimi
1520 1781 1562 1803 ac
1582 1771 1718 1807 reflecti

111 1828 151 1854 ut
172 1831 255 1852 cum
280 1819 389 1853 dorso
410 1819 457 1853 ad
484 1831 667 1853 summum
689 1819 900 1867 quindecim
924 1819 1101 1866 graduum
1130 1821 1306 1869 angulum
1326 1823 1500 1859 efformet.
1531 1827 1591 1861 Ad
1615 1827 1717 1863 basin

111 1887 210 1923 pone
231 1875 386 1909 elevatio
405 1885 458 1909 est
479 1874 616 1910 bisulca
641 1881 677 1909 in
702 1881 779 1923 ipso
800 1875 954 1910 aculeo:
980 1886 1076 1910 retro
1098 1890 1208 1925 quam
1224 1885 1356 1914 cavitas
1375 1880 1472 1915 dorsi
1495 1896 1587 1930 quac
1611 1896 1715 1919 natu-

110 1931 195 1966 ralis
211 1943 286 1965 esse
300 1931 443 1966 videtur
457 1941 493 1966 et
513 1931 634 1966 claudi
650 1944 756 1979 posse
771 1932 942 1980 depresso
957 1933 1098 1968 aculeo.
1118 1936 1205 1970 Post
1221 1942 1410 1971 cavitatem
1426 1937 1522 1973 hanc
1538 1947 1714 1987 exiguam,

111 1992 206 2022 intus
230 1993 268 2022 in
299 1987 446 2022 dorsum
469 1988 653 2032 hiantem,
683 1988 912 2023 tuberculum
940 1990 1098 2036 mobile,
1130 2003 1294 2038 osseum,
1324 1993 1561 2040 subovazum,
1595 2005 1715 2032 antiite

112 2056 338 2089 convexum⁷
362 2044 550 2091 glabrum,
574 2050 714 2093 postice
736 2051 774 2080 in
797 2044 943 2080 brevem
967 2052 1110 2094 apicem
1129 2048 1269 2083 fuscum
1289 2056 1350 2098 qui
1374 2052 1628 2099 cartilaginem
1650 2068 1713 2088 uzi-

112 2109 212 2134 turae
230 2100 321 2134 mihi
342 2113 416 2135 esse
436 2101 596 2146 videtur,
613 2101 791 2136 desinens
807 2103 862 2136 Eo
885 2113 1080 2137 retrorsum
1096 2105 1266 2153 depresso
1288 2108 1418 2143 attrahi
1436 2109 1616 2156 paulisper
1629 2124 1713 2145 acu-

111 2155 188 2190 leus
213 2167 249 2191 et
275 2157 442 2191 recliliari
471 2158 634 2202 videtur,
660 2159 747 2193 dum
768 2170 900 2205 nempe
922 2159 984 2193 ille
1011 2161 1158 2196 aculeus
1185 2163 1232 2197 ad
1253 2163 1380 2197 baseosv
1401 2176 1593 2212 utrumque
1621 2166 1713 2201 latus

109 2212 345 2249 membranae
359 2227 379 2248 a
395 2224 476 2250 cute
488 2215 586 2250 dorsi
599 2221 836 2251 continuatae
849 2228 919 2263 ope
931 2215 1109 2264 alligatur.
1125 2218 1337 2255 Tuberculo
1350 2230 1472 2255 autem
1488 2221 1552 2256 illo
1570 2222 1711 2258 clevato
