2054 2748
773 139 1173 168 MAMMALIA.
1716 131 1771 189 83

244 226 285 259 In
310 223 477 258 conclavi
505 222 592 257 licet
622 230 748 270 stupae
776 227 815 256 in
840 220 965 268 aliquo
993 221 1129 269 angulo
1151 221 1338 269 depositae
1357 233 1494 267 essent,
1521 237 1710 274 nunquam
1733 240 1769 262 se

169 279 423 325 abscondidit,
450 285 503 314 uti
521 279 607 314 Fecit.
626 292 733 327 saepe
756 284 794 313 in
812 290 920 312 cavea
940 290 1001 311 sua
1016 305 1023 319 .,
1050 278 1113 313 sed
1134 291 1277 326 semper
1295 278 1381 326 agili
1403 280 1517 314 modo
1546 281 1720 318 discurrit.

241 336 419 371 successu
442 342 616 384 temporis
640 336 794 385 pedibus
816 339 955 383 aperire
977 345 1122 381 portani
1144 341 1287 371 armarii
1310 349 1387 370 non
1410 349 1487 371 sera
1503 337 1615 372 clausi
1635 340 1770 376 didicit,

165 394 245 428 Mei
277 399 315 428 in
341 406 446 428 sacco
469 399 674 429 vestimenti
695 420 703 437 ,
731 393 819 426 dum
847 391 1065 435 scriberem,
1093 392 1213 427 cubile
1240 392 1308 427 sibi
1326 398 1472 440 paravit.
1500 394 1627 428 Ventri
1651 400 1769 443 impo-

165 456 252 485 situs
279 450 451 495 tabulae,
489 459 656 498 porrecto
686 460 861 496 corpore,
889 448 1026 483 caudae
1047 448 1122 483 basi
1155 460 1298 495 erecta,
1325 456 1527 498 posteriore
1553 461 1656 499 parte
1680 465 1768 500 pen-

167 507 253 543 dula
269 536 278 551 ‚
305 514 510 556 prospicere
532 518 651 541 versus
675 504 846 540 inferiora
864 505 1018 541 solebat.

238 564 451 612 Aliquando
473 568 788 610 opportunitatem
811 573 958 607 nactus,
987 562 1099 611 pedes
1118 567 1316 597 anteriores
1332 569 1426 598 inter
1445 563 1643 600 cibandum
1658 571 1770 614 spisso

165 620 259 656 libro
294 624 489 667 imposuit,
526 626 627 667 quasi
660 619 905 654 commodiori
934 625 1004 654 situ
1031 618 1284 666 fatigationem
1310 626 1514 656 evitaturus.
1543 621 1659 671 Super
1686 634 1770 657 meo

165 688 318 724 corpore
344 675 543 709 discurrere
564 681 672 710 etiam
696 682 735 710 in
750 681 831 710 sinu
851 689 933 710 meo
959 675 1091 711 cubare
1109 676 1265 712 amabat.

235 733 375 767 Panem
399 737 594 767 intinctum
616 743 679 767 aut
701 732 871 778 butyrum
897 743 959 768 aut
978 732 1095 767 simile
1115 733 1204 781 quid
1230 734 1331 782 quod
1359 747 1398 770 os
1426 740 1594 783 inquinat
1622 735 1684 771 ubi
1709 749 1773 772 vo-

162 795 273 833 ravit,
301 794 443 836 saepius
459 790 530 824 vidi
550 802 635 824 eum
654 802 694 824 os
713 790 760 825 ad
774 790 910 838 pedem
929 802 1076 825 mensae
1090 800 1154 825 aut
1171 791 1289 826 simile
1308 804 1440 840 corpus
1461 791 1615 840 aliquod
1633 792 1771 828 abster-

163 851 257 880 sisse.
286 847 360 880 Aut
380 851 489 880 etiam
517 836 639 894 quum⁴
660 846 816 882 bibisset.

235 902 461 936 Tenuiorem
488 902 699 938 molliorem
730 904 893 938 chartam
922 913 1049 938 nactus
1076 903 1308 951 cupidissime
1334 903 1489 951 pedibus
1514 903 1702 940 convolvit
1734 912 1773 941 in

162 971 277 993 unum
304 958 507 1005 glomerem
540 969 576 993 et
602 966 708 994 vestis
735 972 839 994 meae
859 973 964 994 sacco
990 965 1162 1006 ingessit:
1190 959 1292 1007 quod
1318 964 1356 993 in
1378 959 1449 994 alia
1476 959 1602 996 charta
1631 960 1771 1007 bibula,

161 1026 273 1063 quam
296 1015 462 1062 quotidie
480 1024 566 1050 ante
588 1015 717 1050 oculos
738 1015 884 1061 habuit,
911 1028 989 1050 non
1004 1015 1101 1051 fecit.

235 1071 472 1120 Quandoque
498 1072 628 1107 sedens
651 1073 789 1108 caudae
811 1073 913 1108 basin
934 1072 1134 1119 arrigebat,
1163 1081 1363 1107 extremam
1379 1083 1521 1121 partem
1542 1073 1770 1121 deflectebat,

158 1138 200 1163 ut
227 1128 412 1176 duplicata
435 1139 526 1164 esset
553 1139 616 1164 aut
643 1129 795 1165 infracta
825 1130 950 1165 cauda.
985 1128 1167 1176 Lepidum
1195 1139 1271 1164 erat
1297 1129 1445 1174 videre,
1480 1140 1519 1165 ut
1543 1132 1771 1180 quandoque

159 1184 321 1220 verticali
343 1190 436 1227 situ,
474 1185 702 1233 pedibusque
728 1186 968 1221 anterioribus
995 1190 1156 1219 attractis
1185 1185 1346 1220 sedebat.
1382 1186 1602 1221 Verberibus
1634 1188 1771 1223 blande

161 1246 354 1287 castigatus
384 1241 694 1287 subgrunniebat,
721 1252 758 1276 et
784 1242 961 1289 quidnam
988 1252 1133 1274 caussae
1161 1252 1237 1273 esse
1260 1247 1362 1287 quasi
1386 1253 1511 1275 secum
1533 1249 1722 1289 cogitans,
1749 1256 1770 1277 a

159 1296 364 1345 petulantia
391 1296 645 1344 aliquantum,
672 1309 814 1332 morem
840 1302 940 1344 quasi
959 1308 1103 1343 gerens,
1130 1301 1277 1330 remisit.

233 1354 338 1386 Dum
357 1352 587 1398 palparetur,
614 1362 735 1384 totum
758 1361 868 1397 caput
894 1358 1003 1384 etiam
1027 1350 1201 1392 mulceri,
1229 1360 1459 1398 rostrumque
1489 1363 1600 1387 manu
1629 1353 1770 1390 includi

158 1408 364 1455 leniterque
380 1412 481 1454 quati
503 1406 691 1454 gestiebat.
721 1405 847 1441 Gauda
868 1406 1038 1441 detentus
1063 1414 1098 1439 et
1117 1418 1310 1453 suspensus
1337 1406 1490 1454 pedibus
1511 1415 1669 1444 extensis
1690 1412 1769 1459 pal-

158 1471 271 1514 pitat,
300 1463 364 1498 sed
386 1476 508 1511 neque
541 1463 733 1511 querulam
761 1475 889 1498 vocem
913 1468 1067 1505 emittit,
1094 1474 1198 1496 more
1225 1468 1345 1507 canis,
1375 1476 1494 1512 neque
1517 1467 1695 1514 projicere
1730 1474 1769 1504 1η

158 1521 275 1556 altum
294 1533 424 1568 corpus
440 1526 543 1555 novit
567 1530 603 1555 et
626 1526 783 1555 tenentis
806 1532 958 1555 manum
975 1519 1202 1568 prehendere
1222 1532 1325 1555 more
1339 1520 1427 1556 felis.

229 1577 314 1612 Vidi
333 1577 535 1625 aliquando
555 1590 697 1613 summa
716 1578 918 1626 petulantia
938 1577 1172 1612 circumsilire
1193 1588 1229 1613 et
1249 1579 1443 1614 dimidium
1467 1587 1642 1617 corticem
1666 1591 1767 1620 nucis

156 1633 339 1682 juglandis
361 1639 399 1668 in
418 1647 492 1682 quo
513 1640 573 1669 vix
591 1635 712 1670 adhuc
731 1635 871 1683 aliquid
887 1634 1009 1670 nuclei
1030 1644 1126 1679 erat,
1154 1647 1216 1670 ore
1237 1637 1476 1673 circumferre.
1504 1638 1621 1688 Saepe
1639 1642 1766 1677 sedens

156 1692 273 1726 cauda
297 1691 399 1725 dedit
422 1697 514 1725 ictus
535 1691 770 1737 vibratorios,
797 1703 832 1727 et
859 1702 938 1727 tum
957 1698 1125 1739 strepitus
1145 1702 1207 1727 aut
1224 1699 1355 1728 susurri
1375 1695 1619 1731 audiebantur
1643 1703 1766 1746 singu-

155 1746 264 1792 lares,
292 1759 384 1795 quos
403 1759 423 1781 a
444 1746 582 1781 caudae
602 1747 731 1795 rapido
750 1758 856 1783 motu
877 1754 999 1783 venire
1019 1748 1166 1783 credidi.
1195 1749 1266 1785 Sed
1288 1763 1377 1786 mox
1399 1752 1586 1788 observavi
1612 1767 1675 1788 ore
1699 1755 1765 1790 bos

155 1804 330 1853 produci,
358 1816 451 1852 quos
472 1809 583 1839 etiam
605 1810 857 1851 continuavit,
885 1817 999 1854 quum
1018 1818 1153 1840 nucem
1179 1808 1370 1853 rejecisset.
1399 1809 1499 1844 Alias
1516 1811 1613 1846 hunc
1631 1824 1764 1846 sonum

155 1867 215 1898 vix
237 1860 367 1895 audivi.

227 1917 441 1952 Vertebram
463 1916 641 1954 balaenae
664 1924 701 1953 in
723 1918 861 1967 angulo
889 1918 1015 1954 videns
1037 1920 1137 1955 humi
1159 1921 1365 1966 jacentem,
1391 1921 1437 1957 ab
1458 1922 1521 1958 illa
1547 1924 1614 1960 sibi
1638 1930 1762 1961 timere

156 1973 281 2023 lepido
298 1974 412 2009 modo
434 1975 594 2010 ostendit
608 2004 616 2020 ,
644 1986 679 2011 et
694 1976 787 2011 latus
807 1976 1033 2012 obvertendo
1054 1988 1159 2013 caute
1173 1985 1492 2028 appropinquavit.

228 2033 397 2078 Ignotam
415 2044 491 2066 rem
512 2032 636 2067 videns
664 2043 769 2068 caute
797 2043 833 2068 et
859 2043 1023 2068 ventrem
1047 2034 1127 2069 solo
1152 2036 1361 2083 applicans,
1390 2037 1545 2072 et·la1us
1571 2038 1761 2073 obvertens

156 2086 407 2136 inclinatoque
439 2095 477 2124 in
507 2089 601 2124 latus
625 2096 744 2139 capite
770 2096 1102 2139 appropinquavit,
1126 2092 1249 2141 lepide
1281 2094 1503 2139 admodum,
1532 2096 1649 2130 donec
1673 2093 1760 2142 quid

159 2153 265 2188 esset,
283 2144 474 2182 didicisset.

229 2199 442 2248 Aliquando
471 2203 539 2240 sub
569 2209 642 2240 ima
670 2215 772 2253 parte
800 2205 919 2240 aulaei
947 2204 1088 2253 aliquid
1115 2206 1344 2243 abscondere
1371 2208 1512 2253 voluit,
1557 2219 1650 2256 quae
1681 2220 1758 2242 non

1389 2266 1418 2298 L
1446 2277 1468 2299 2
