2054 2748
279 133 363 177 286
636 143 1111 176 OBSERVATIONES
1152 145 1531 176 ZOOLOGICAE.

351 229 473 264 Antea
504 227 584 264 Col.
613 229 856 265 annulatum
886 227 964 263 286.
1000 240 1076 263 esse
1103 228 1338 263 credideram.
1368 228 1442 264 Sed
1472 242 1551 264 non
1572 230 1770 278 respondet
1795 237 1881 267 icon

279 285 418 331 sebae,
438 286 544 321 Mus.
561 287 592 321 I.
610 295 634 321 c.
655 301 704 321 10.
719 287 753 330 f.
774 285 843 319 ult.
870 286 960 318 Icon
978 297 1063 321 vero
1085 284 1201 320 Sebae
1223 287 1264 320 II.
1282 285 1352 320 tab.
1366 287 1397 321 8.
1417 286 1439 322 f.
1454 293 1486 329 4.
1512 285 1598 321 huic
1619 300 1702 321 meo
1728 287 1880 322 dorsali-

280 342 346 378 bus
365 342 518 377 maculis
537 342 753 387 subsimilis,
779 341 843 377 sed
863 341 978 377 cauda
1000 341 1111 390 longe
1134 341 1350 378 brevissima.
1377 343 1440 377 An
1457 341 1574 379 Sebae
1593 345 1635 378 II.
1658 342 1728 379 tab.
1751 342 1803 379 15.
1823 343 1882 391 fig.

279 405 442 448 superior
458 405 535 435 sine
557 411 708 434 numero
721 399 738 433 2

352 459 447 491 Cum
467 462 573 491 icone
590 455 733 490 colubri
748 455 913 491 annulati
925 455 1272 504 Encyclopaedlae
1286 455 1457 491 method.
1476 455 1633 504 Ophiol.
1646 455 1699 504 pl.
1720 456 1816 502 25.f.‘
1830 456 1883 491 51.

279 525 382 548 meus
400 513 604 561 epidaurius
623 512 772 560 quidem
792 519 966 548 convenit
980 513 1133 548 maculis
1150 513 1320 559 alternis,
1344 525 1452 561 saepe
1470 518 1641 547 sinuatim
1664 512 1884 548 confluenti-

281 569 367 615 bus,
392 576 429 604 in
450 569 557 603 dorso
581 574 717 617 posius.
745 569 817 605 Sed
845 570 1014 618 gracilior
1035 580 1088 605 est
1107 569 1430 619 EncyclopediCO,
1457 569 1544 605 lieet
1568 569 1631 604 ille
1656 581 1734 604 mas
1761 575 1826 614 sit,
1849 578 1886 603 et

281 626 396 662 cauda
416 625 489 659 fere
516 625 630 673 duplo
653 636 707 662 est
735 626 893 675 longior.
928 627 1130 674 (Squamae
1148 639 1296 675 quoque
1324 627 1374 662 ibi
1392 633 1548 675 pessime
1571 626 1732 670 effictae,
1758 625 1885 672 quales

280 688 320 717 in
339 681 492 717 colubro
507 695 699 731 nunquam
713 694 820 728 sunt;
837 684 1022 731 oblongae
1043 683 1217 719 deberent
1235 696 1321 720 esse.
1338 686 1427 719 leon
1445 689 1512 719 ista
1533 695 1578 718 ex
1590 683 1696 719 silus.
1709 681 1884 729 Adelph.

281 739 423 774 Frider.
447 738 615 774 desumta
634 739 720 788 est.)

446 826 830 872 COLUBER
873 827 1516 872 FLAGELLARIUS.
1567 826 1731 870 Nobis.

354 908 424 943 308
449 921 516 942 z:
546 920 611 956 192
637 917 684 948 -i-
714 909 788 945 116.

354 964 518 998 Dorsum
543 964 818 999 coerulescente
841 970 1038 1000 cinereum.
1061 964 1263 1000 Abdomen
1282 964 1419 999 album.
1443 966 1484 999 In
1499 973 1601 1010 parte
1621 962 1744 1010 aliqua
1757 966 1889 997 ventris

283 1030 346 1066 per
363 1028 517 1052 tractum
540 1019 737 1053 duodecim
758 1024 899 1053 circiter
920 1028 1107 1053 scutorum
1126 1020 1271 1055 macula
1293 1018 1569 1054 semicircularis
1588 1027 1651 1052 aut
1676 1018 1890 1064 subtrigona

282 1074 421 1122 pallide
442 1074 550 1107 fusca.
579 1077 691 1107 Linea
712 1079 814 1120 quasi
834 1073 955 1107 sulcus
975 1078 1014 1105 in
1027 1074 1151 1106 medio
1168 1083 1357 1107 scutorum
1381 1083 1465 1119 post
1485 1073 1567 1106 illas
1586 1073 1758 1107 maculas.
1788 1075 1889 1106 Lon-

283 1129 411 1177 gitudo
433 1128 645 1176 quindecim
663 1127 855 1176 pollicum.
888 1130 1073 1162 Crassities
1091 1140 1246 1176 pennae.
1277 1131 1318 1163 In
1334 1128 1440 1163 nullo
1458 1127 1531 1162 alio
1554 1128 1707 1163 colubro
1722 1140 1890 1176 squamas

283 1185 454 1221 candales
476 1185 569 1220 adeo
591 1185 762 1221 distincte
780 1194 816 1220 et
839 1184 946 1220 facile
965 1196 1157 1220 numerare
1178 1190 1283 1233 potui
1302 1196 1414 1232 quam
1432 1189 1471 1219 in
1492 1184 1574 1219 hoc.
1601 1186 1660 1220 Ex
1678 1184 1890 1232 Humphre-

284 1243 410 1279 (lisinis.

501 1300 883 1346 COLUBER
918 1300 1470 1345 PULCHELLUS.
1506 1300 1667 1344 Nobis.

357 1383 426 1419 315
452 1396 519 1416 z
544 1383 613 1418 230
639 1390 685 1421 —l—
711 1382 766 1417 85.

359 1439 516 1475 Sordide
530 1438 651 1484 albus,
671 1436 825 1472 maculis
840 1435 1044 1472 dorsalibus
1058 1436 1173 1473 forma
1188 1442 1247 1472 ovi
1266 1438 1387 1482 Rayae
1400 1465 1409 1482 ,
1428 1437 1639 1472 lateralibus
1658 1436 1890 1482 biannulatis‚

286 1496 352 1533 sub
367 1497 483 1531 cauda
500 1508 609 1544 quam
628 1493 695 1529 sub
716 1503 841 1529 ventre
856 1492 1129 1540 copiosioribus.
1156 1492 1328 1527 Maeuiae
1347 1492 1509 1527 dorsales
1522 1492 1706 1541 ellipticae
1721 1498 1893 1528 extremi-

287 1553 421 1590 tatibus
436 1550 703 1599 angustioribus
722 1549 904 1598 profunde
924 1555 1174 1597 emarginatiS,
1195 1555 1381 1594 cinereae,
1406 1555 1510 1596 nigro
1525 1555 1765 1597 marginatae3
1784 1548 1893 1584 fascia

287 1609 429 1646 laterali
453 1608 543 1643 colli
569 1607 795 1654 subintegra,
823 1605 1031 1641 abdominis
1053 1611 1272 1653 interrupta:
1296 1604 1449 1640 maculis
1474 1604 1599 1640 subtus
1627 1604 1892 1651 irregularibus.

287 1664 499 1713 Longitudo
512 1663 792 1711 sesquipedalis3
809 1668 983 1697 crassities
1003 1662 1106 1709 digiti
1127 1668 1278 1696 minimi.
1298 1663 1438 1710 (Caput
1453 1674 1607 1710 corpore
1621 1666 1791 1706 crassius,
1806 1673 1892 1695 coe-

288 1722 472 1759 rulescens
485 1749 492 1766 ,
507 1720 658 1754 maculis
674 1719 877 1764 nebulosis,
896 1718 1002 1754 lineis
1018 1718 1157 1754 duabus
1172 1729 1379 1753 anti-orsum
1393 1717 1706 1762 transversalibus3
1719 1716 1893 1752 mainlae

289 1784 435 1829 punctis
467 1776 665 1821 coeruleis3
685 1776 804 1811 lineae
822 1776 914 1811 duae
939 1775 985 1812 ab
1009 1775 1152 1823 angulis
1175 1781 1246 1810 oris
1274 1775 1322 1810 ad
1345 1775 1474 1810 oculos
1501 1787 1627 1823 usque.
1651 1773 1740 1820 Ed.)
1772 1774 1892 1808 Patria

290 1842 426 1884 ignota.

490 1892 871 1937 COLUBER
917 1890 1489 1935 ANGUSTULUS.
1535 1889 1694 1934 Nobis.

367 1974 435 2009 330
460 1986 527 1992 “-
559 1975 622 2009 180
648 1983 694 2012 -ἑ-
725 1975 799 2010 150.

367 2030 484 2066 Albus
500 2058 509 2076 ,
532 2037 604 2065 sive
628 2031 804 2078 pallidus,
825 2035 957 2065 vertice
979 2029 1271 2073 coerulescente‚
1294 2041 1425 2076 parum
1444 2028 1696 2064 coerulescens
1717 2032 1757 2061 in
1771 2026 1891 2061 dorso.

294 2087 506 2135 Longitudo
527 2088 788 2135 sesquipedalis
803 2097 866 2123 aut
885 2085 1074 2135 bipedalis.
1101 2087 1225 2133 Quum
1241 2096 1477 2133 perangustus
1496 2092 1559 2131 sit,
1581 2084 1691 2131 longe
1713 2088 1835 2117 minor
1857 2092 1894 2119 et

296 2151 408 2191 magis
437 2155 585 2192 quoque
608 2143 785 2180 filiformis
810 2156 920 2193 quam
946 2155 1101 2192 sequens
1121 2148 1333 2190 nigerrimus
1357 2152 1420 2179 aut
1447 2142 1626 2178 filiformis
1648 2141 1737 2177 Lm.
1765 2153 1894 2188 angu-

298 2202 444 2237 sculum
471 2205 607 2239 vocavi.
