2054 2748
697 158 1146 186 AMPHIBIA.
1639 163 1716 204 271

120 239 258 288 forcipe
278 240 462 288 prehensis
481 249 516 275 et
530 244 568 275 in
585 251 679 288 aqua
694 245 734 274 in
750 249 896 274 motum
912 247 1000 276 actis
1019 250 1059 275 ut
1074 246 1191 275 vivere
1208 240 1435 286 viderentur,
1453 249 1595 279 nutrivi.
1624 245 1719 279 Roe-

120 296 228 331 selius
243 297 331 331 dicit
345 297 560 332 lentissimae}
577 307 612 331 et
631 309 758 344 segnes
776 295 882 331 fuisse
897 297 1143 332 salamandras
1162 303 1200 332 in
1215 298 1389 333 vorando,
1417 299 1500 344 Quo
1523 307 1634 348 magis
1649 314 1716 349 ego

119 353 316 388 movebam
347 363 384 388 et
416 366 566 402 operam
600 353 732 389 dabam
764 359 864 401 quasi
891 365 936 386 ex
958 352 1120 389 faucibus
1143 360 1279 403 eripere
1307 354 1464 399 vellem,
1487 368 1530 389 eo
1556 358 1719 405 cupidius

120 408 350 445 salamandra
374 409 535 445 inhiavit.
561 410 776 445 Lumbricos
795 421 873 443 non
891 414 1018 456 tetigit.

192 519 255 554 ΑΝ
275 518 410 554 lacerta
437 523 622 567 aquatica,
649 530 695 553 an
711 517 895 563 lacustris,
918 530 960 552 ea
982 524 1135 566 species,
1163 531 1274 568 quam
1289 521 1390 565 Majo
1405 532 1530 556 mense
1548 528 1586 556 in
1611 533 1719 557 mon-

119 575 214 612 tibus
229 575 348 620 sylvae
363 581 507 622 nigrae,
529 584 565 609 et
579 573 749 608 Ballonio
767 573 1052 622 Giromagnensi
1064 577 1196 624 Vogesi
1212 583 1326 625 reperi
1346 583 1383 612 in
1398 578 1601 626 paludibus.
1622 581 1718 615 Lon-

118 633 246 680 gitudo
260 630 498 679 tripollicaris.
519 632 659 678 Corpus
674 630 815 665 nudum
827 630 919 666 infra
935 631 1083 666 rubrum
1097 646 1104 677 3
1117 634 1266 670 dorsum
1280 641 1401 672 carina
1416 637 1555 672 elevata
1568 642 1718 688 integra,

117 703 196 725 non
210 690 357 724 dentata
371 715 379 732 ,
393 692 536 735 punctis
550 692 660 735 nigris
675 687 854 722 distincta.
869 689 998 723 Latera
1013 699 1048 724 et
1068 690 1179 737 pedes
1192 692 1357 730 similiter
1368 701 1545 744 punctati.
1571 696 1719 734 Palmae

118 746 389 791 tetradactylae.

189 853 344 888 Videtur
357 852 450 887 mihi
465 852 542 887 dari
555 851 678 899 aliqua
691 850 826 885 lacerta
840 853 939 888 nuda
953 882 961 899 ‚
976 854 1041 901 (ad
1053 855 1299 894 salamandras
1312 864 1517 910 pertinens)
1536 872 1719 903 terrestris,

118 916 283 955 cinerea,
304 916 342 944 in
370 915 466 944 sicco
488 909 646 956 degens,
673 906 740 941 sub
767 907 970 956 lapidibus,
1001 913 1196 949 corticibus
1212 943 1221 961 ,
1251 923 1404 964 muscis,
1431 904 1720 969 sesqujpofflcari

115 968 215 1003 haud
234 967 390 1014 longior.
419 968 512 1001 Eam
531 977 593 1000 me
609 976 716 1012 saepe
735 969 908 1010 reperisse
929 974 1088 1003 memini.

186 1024 256 1057 Ao.
275 1035 307 1069 7.
325 1022 359 1055 d.
379 1034 411 1067 7.
432 1021 527 1055 Prat.
553 1021 635 1056 talis
657 1023 747 1057 mihi
765 1018 876 1054 allata
899 1031 960 1057 est.
988 1025 1151 1072 Imposui
1167 1027 1349 1074 scatulae,
1370 1032 1570 1078 superdatis
1590 1034 1719 1083 hypnis

113 1079 281 1116 humidis.
307 1079 396 1112 Post
414 1079 695 1124 quatuordecim
712 1080 788 1113 dies
808 1091 853 1112 ex
871 1084 1000 1112 itinere
1016 1081 1132 1114 redux
1151 1092 1334 1118 mortuam
1348 1093 1473 1132 reperi.
1500 1090 1720 1126 Hammffl-us

116 1148 228 1185 gener
242 1134 352 1178 dicit,
368 1145 450 1168 eam
468 1145 580 1168 verno
596 1142 761 1181 tempore
775 1141 917 1182 magnis
936 1136 1139 1183 agminibus
1158 1144 1323 1186 migrare.
1351 1142 1444 1177 Tam
1459 1149 1496 1178 in
1515 1143 1588 1180 hoc
1608 1159 1719 1195 quam

114 1199 153 1228 in
173 1199 289 1240 ipsam
311 1190 485 1225 lacertam
502 1190 773 1237 inquirendum.

303 1285 1524 1339 CROTALUSTOEAESELATUSIQMa

190 1381 256 1417 ¹72
276 1380 343 1401 :-
359 1369 481 1402 scutis
503 1367 578 1402 151.
597 1368 774 1403 scutellis
794 1381 849 1404 21.

185 1426 351 1461 Dorsum
370 1435 484 1471 usque
502 1422 551 1457 ad
573 1432 674 1457 scuta
693 1422 902 1458 abdominis
922 1424 1076 1460 maculis
1094 1425 1284 1462 rhombeis
1301 1435 1410 1478 nigris
1431 1431 1597 1482 albisque
1615 1436 1718 1475 abaci

112 1481 364 1519 latruncularii
389 1491 494 1514 more
518 1484 764 1526 variegatum3
787 1485 974 1527 nigrarum
999 1487 1105 1516 series
1123 1495 1190 1531 per
1208 1494 1449 1523 transversum
1472 1501 1623 1538 septem.
1650 1495 1718 1530 Al-

113 1539 209 1575 bedo
230 1550 296 1586 per
310 1537 407 1572 dorsi
426 1535 696 1583 longitudinem
710 1542 824 1584 magis
843 1542 1030 1571 cinereum
1045 1538 1209 1574 colorem
1225 1542 1342 1578 refert.
1365 1545 1567 1582 Abdomen
1580 1549 1717 1590 album.

112 1599 253 1643 Lingua
273 1605 418 1643 prorsus
440 1598 588 1641 reperiri
607 1605 685 1628 11011
704 1599 836 1641 potuit.
863 1594 976 1629 Arma
995 1594 1171 1632 reclinata
1189 1599 1337 1646 gracilia
1358 1606 1435 1637 sine
1457 1603 1635 1642 fracturae
1655 1621 1717 1656 pe-

110 1652 228 1688 riculo
252 1651 385 1685 elevari
404 1660 600 1697 nequeunt.

184 1709 388 1742 Distinctus
410 1705 456 1740 ab
470 1706 619 1740 horrido
634 1717 787 1740 numero
807 1718 1041 1754 squamamm
1061 1718 1095 1744 et
1115 1709 1252 1747 colore.

184 1762 395 1811 Longitudo
417 1771 574 1810 quatuor
588 1762 725 1810 pedum
747 1775 831 1797 eum
851 1764 1026 1808 dimidi03
1045 1772 1220 1803 crassities
1239 1769 1478 1818 tripollicaris.
1506 1776 1716 1825 Crepitacu-

111 1823 191 1859 lum
211 1820 424 1869 quindecim
442 1819 556 1854 lineas
580 1818 756 1867 longum,
783 1820 929 1856 annulis
945 1832 1098 1870 septem.

594 1905 1228 1955 BOA.PELAGICA

186 1992 252 2027 188
273 2003 339 2024 .--
362 1990 427 2027 160
442 1998 488 2030 -i-
509 1991 564 2026 28.
589 1990 648 2027 vel
673 1992 821 2039 189:
845 1993 909 2028 155
924 2001 970 2031 -ξ-
986 1993 1041 2036 54.

182 2048 382 2084 Abdomen
402 2057 509 2100 acute
531 2053 756 2083 carinatum:
777 2049 892 2084 cauda
910 2055 1101 2085 natatoria.
1130 2052 1182 2086 Ita
1205 2051 1254 2086 D.
1277 2051 1416 2100 Grayus
1442 2061 1556 2091 musei
1573 2055 1710 2094 britan-

111 2111 183 2141 nici
204 2115 322 2141 custos
353 2104 544 2150 definivit3
567 2118 612 2140 ex
641 2105 707 2141 illo
731 2118 857 2141 museo
887 2105 1069 2141 Gloxinus
1096 2113 1133 2142 in
1159 2108 1287 2144 litteris
1312 2112 1410 2158 1787.
1437 2113 1517 2147 Oct.

184 2161 269 2196 Sine
288 2161 401 2197 dubio
425 2175 578 2211 magnus
598 2162 661 2197 ille
680 2175 825 2212 serpens
845 2169 1005 2198 marinus
1024 2165 1299 2213 pontoppidani
1322 2167 1561 2217 aliorumque.

183 2220 367 2267 Insignem
381 2219 473 2255 adeo
494 2226 687 2257 transitum
704 2225 815 2258 etiam
827 2219 874 2255 ad
893 2225 1009 2267 pisces
1029 2220 1203 2257 exhibere
1221 2224 1371 2268 videtur.

1314 2279 1393 2315 Kk
1418 2293 1439 2315 2
