2054 2748
903 154 932 180 A
964 153 994 181 v
1026 153 1052 180 E
1085 151 1117 180 s.
1731 145 1808 201 175

195 250 354 284 servata3
379 247 597 287 tempestate
625 236 755 285 frigida
787 246 821 272 et
855 245 1006 271 ventosa
1031 234 1252 271 succedente
1273 247 1388 284 usque
1414 241 1452 271 in
1475 237 1651 285 Aprilem.
1679 241 1807 277 Medio

196 297 296 334 Julio
324 299 399 343 jam
421 296 495 332 vidi
521 308 586 344 par
609 300 835 330 ciconiarum
860 294 1045 339 juniorum
1068 292 1162 327 bene
1184 292 1446 337 formatarum,
1470 299 1509 327 in
1530 296 1659 341 quibus
1685 307 1809 334 tamen

194 356 360 401 juventas
385 352 586 401 apparebat
607 362 644 388 et
668 357 789 387 nescio
814 349 903 398 quid
924 349 1031 384 nitidi
1054 359 1091 384 et
1116 355 1229 385 comti
1250 350 1352 399 quod
1376 362 1453 384 nou
1477 349 1663 388 observavi
1685 360 1723 389 in
1745 355 1807 391 illa

197 422 309 459 quam
334 422 402 458 ego
422 409 511 444 olim
533 409 618 445 alui.

267 467 338 501 Ao.
365 468 464 503 1800.
487 466 577 514 (Ao.
598 465 649 512 ὃ.)
667 474 751 513 post
770 463 924 511 longam
946 461 1150 510 duramque
1170 463 1341 509 hyemem
1361 464 1420 500 die
1440 477 1494 501 22.
1510 465 1634 501 Martii
1650 472 1808 515 primum

195 528 278 552 w
705 568 985 613 ARDEA
1028 567 1302 612 NIGRA.

264 669 428 704 ALLATA
453 667 500 702 ad
523 679 583 702 me
608 667 666 703 die
687 668 718 703 5.
742 665 965 716 Septembris
990 671 1088 713 1774.

263 724 414 760 Pondus
435 730 599 773 quinque
622 724 799 760 librarum
821 736 905 759 cum
930 723 1090 758 dimidia.
1118 723 1329 771 Longitudo
1351 730 1491 761 extensi
1512 726 1558 760 ab
1576 732 1681 775 apice
1702 734 1809 764 rostri

191 782 240 818 ad
261 792 444 817 extremos
465 782 576 830 pedes
596 787 706 818 trium
728 782 867 831 pedum
890 791 1030 829 septem
1054 780 1260 829 pollicum3
1278 781 1325 816 ad
1341 792 1544 817 extremum
1564 784 1702 819 caudae
1722 797 1806 820 vero

189 845 299 875 trium
323 840 461 888 pedum
480 846 586 875 unius
610 840 767 888 pollicis.
794 839 854 874 Ab
877 852 950 873 unu
970 837 1112 873 alarum
1140 844 1371 874 extremitate
1394 840 1441 874 ad
1464 839 1618 875 alteram
1644 848 1807 890 quinque

190 897 330 944 pedum
356 899 614 933 parisinorum.
641 898 829 932 Rostrum
855 895 1009 931 obscure
1035 902 1225 932 virescens.
1254 897 1384 931 Nares
1414 896 1587 941 lineares3
1614 903 1651 932 in
1682 899 1806 946 palato

189 964 357 1001 apertura
374 959 413 988 in
426 964 530 1002 parte
550 959 762 1002 posteriore.
784 953 997 1000 Longitudo
1014 959 1120 988 rostri
1140 953 1322 1000 pollicum
1342 966 1407 987 sex
1427 966 1512 988 cum
1527 954 1693 991 dimidio,
1712 957 1807 992 Lm-

187 1022 272 1056 gua
296 1009 512 1045 brevissima.
539 1009 700 1045 Orbicae
728 1009 871 1054 nudae,
894 1015 1028 1056 nigrae.
1057 1011 1133 1043 Iris
1152 1014 1264 1056 nigra.

261 1066 428 1101 Pemzae
447 1072 575 1115 capitis
594 1066 716 1102 fuscae
734 1072 839 1114 apice
859 1065 1058 1112 subgriseo.
1077 1065 1253 1101 Plumae
1271 1065 1388 1102 albae.

259 1124 381 1157 Dorsa·
404 1124 572 1170 alaeque
591 1136 737 1172 pennae
759 1133 1007 1158 atro-aeneae.

260 1180 448 1227 Remiges
477 1181 571 1215 duae
599 1186 737 1229 priores
761 1179 917 1227 longae,
944 1179 1067 1214 media
1096 1179 1170 1215 fere
1195 1189 1299 1227 parte
1320 1185 1585 1227 emargInatae,
1614 1193 1806 1230 sequentes

188 1234 421 1271 deficiebant.
442 1238 542 1272 Tum
559 1250 622 1272 sex
637 1236 730 1272 aliae
749 1237 871 1271 adhuc
886 1248 932 1270 ex
949 1236 1078 1270 ordine
1090 1241 1303 1283 primorum.
1324 1236 1568 1270 Secundariae
1586 1238 1806 1274 octodecim.

194 1293 386 1327 Teccrices
406 1292 596 1328 inferiores
615 1292 789 1327 ordinum
804 1297 922 1327 trium.
944 1291 1229 1340 Subscapulares
1248 1297 1377 1326 niveae
1389 1320 1397 1336 ,
1417 1297 1469 1327 uti
1487 1302 1522 1327 et
1540 1304 1668 1341 pectus
1689 1305 1723 1331 et
1743 1295 1807 1330 ab·

189 1347 336 1383 domen.
355 1348 493 1396 Scapus
509 1362 713 1396 pennarum
728 1354 882 1383 interior
902 1348 1038 1392 brevis,
1065 1348 1256 1394 pluinosus
1281 1358 1434 1383 tantum.

258 1405 456 1438 Reccn'ces
476 1404 677 1438 duodecim
697 1408 820 1450 nigrae
837 1430 845 1447 ‚
872 1403 1083 1437 tecti-imbus
1108 1415 1233 1437 earum
1253 1402 1484 1437 inferioribus
1506 1410 1630 1440 niveis,

258 1461 428 1495 Femom
452 1473 589 1496 novem
610 1459 792 1508 pollicum
815 1472 900 1494 cum
926 1459 1101 1504 dimidio⁷
1121 1469 1217 1494 tecta
1238 1465 1370 1508 pennis
1397 1460 1444 1495 ad
1465 1460 1676 1497 distantiam
1697 1471 1804 1512 quin—

187 1529 258 1565 que
272 1517 453 1565 pollicum
473 1527 509 1552 et
532 1516 681 1552 dimidii.
708 1515 849 1550 Tibiae
874 1525 960 1550 octo
982 1515 1183 1564 pollicum,
1204 1516 1343 1565 pallide
1359 1523 1525 1553 virentes,
1547 1520 1714 1567 Digitus
1729 1535 1805 1557 nie-

187 1574 267 1608 dius
282 1579 391 1609 trium
408 1559 587 1622 pollicum
598 1603 606 1619 ,
621 1586 756 1609 novem
771 1572 962 1608 linearum.
978 1572 1105 1607 Pedes
1120 1572 1351 1621 subpalmati.
1381 1575 1544 1623 Ungues
1567 1575 1693 1613 breves
1713 1592 1802 1615 con-

186 1636 292 1676 vexi,
312 1631 426 1666 medii
449 1637 649 1666 introrsum
672 1630 789 1678 gibbi,
809 1643 887 1665 non
913 1635 1048 1665 serrati.
1068 1629 1259 1677 Papillae
1281 1630 1407 1667 subtus
1426 1631 1579 1680 planae,
1608 1647 1687 1670 non
1714 1643 1803 1672 emi-

185 1699 326 1724 nentes.

257 1786 300 1819 In
318 1789 407 1818 meis
427 1793 463 1819 et
483 1792 669 1832 quotquot
692 1782 767 1818 vidi
789 1782 867 1818 aliis
887 1784 1005 1819 ardeis
1028 1789 1137 1832 nigris
1156 1784 1268 1833 pedes
1288 1797 1409 1834 neque
1431 1785 1530 1821 rubri
1554 1798 1657 1824 erant
1676 1789 1802 1838 quales
1840 1781 1843 1783 ⁵

186 1841 272 1876 facit
288 1843 492 1886 Linnaeus,
514 1853 637 1888 neque
655 1840 786 1875 virides
803 1869 811 1885 ‚
838 1840 902 1876 scd
923 1847 1069 1877 cinerei.
1090 1843 1265 1877 Rostrum
1281 1842 1478 1878 obscurum
1498 1849 1696 1893 virescens,
1718 1861 1802 1883 cum

183 1898 338 1946 pallore.
361 1899 510 1933 Pennae
531 1896 715 1933 subalares
733 1896 890 1946 longae,
916 1908 1056 1943 rectae,
1079 1898 1196 1934 albae.
1218 1899 1395 1935 Dorsales
1416 1901 1669 1951 ventralesque
1690 1916 1799 1952 scapo

185 1955 325 2003 duplici
341 1983 350 2000 ⁷
376 1955 439 1990 sed
461 1961 663 2004 posteriore
689 1953 797 1991 valde
827 1954 935 1991 brevi.
965 1955 1065 1991 Colli
1088 1955 1320 1992 lanceolatae
1343 1957 1518 1995 distantes
1540 1972 1651 2008 scapo
1675 1971 1798 2009 poste-

183 2018 279 2048 riore
303 2023 439 2048 carent.

257 2070 329 2105 Sed
344 2070 507 2105 edoceor
525 2069 572 2105 ab
586 2070 763 2118 Heringio
779 2077 842 2119 qui
861 2077 982 2107 avium
997 2070 1113 2120 pelles
1130 2071 1234 2107 farcit
1250 2100 1257 2117 ,
1272 2085 1332 2108 eas
1351 2085 1480 2108 omnes
1498 2075 1660 2121 juniores
1679 2073 1795 2110 fuisse.

185 2127 228 2161 In
250 2126 375 2162 adulta
398 2133 525 2176 utique
545 2134 660 2176 magis
683 2134 793 2163 etiam
814 2129 942 2164 rubros
967 2129 1078 2177 pedes
1101 2139 1136 2164 et
1155 2139 1313 2165 rostrum
1333 2143 1429 2175 esse,
1459 2144 1569 2179 quam
1594 2137 1631 2164 in
1655 2136 1796 2167 ciconia

184 2182 287 2227 alba,
311 2194 347 2218 et
374 2190 535 2220 nitorem
562 2198 735 2222 azureum
766 2186 911 2234 (reflecs
934 2185 1109 2230 brotzze's)
1134 2186 1284 2235 qualem
1311 2189 1494 2224 Linnaeus
1522 2186 1693 2223 describit
1720 2200 1797 2224 esse

184 2239 482 2289 pulcherrimum.
