2054 2748
811 176 1115 208 PISCES.
1678 187 1754 229 521

154 263 340 300 maculam
365 271 577 311 argenteam
602 261 670 298 sub
696 260 836 308 oculis,
869 271 906 297 et
935 261 1077 297 discum
1102 261 1277 311 operculi.
1303 283 1353 289 —
1384 266 1562 313 CyprInus
1590 267 1760 316 phoxino

154 321 283 357 affinis.

227 380 286 414 Ex
305 376 529 414 collectione
548 378 798 423 Ramsayana,
821 386 907 423 ergo
933 381 1011 411 sine
1031 376 1144 411 dubio
1166 389 1212 412 ex
1229 377 1399 414 America
1418 381 1707 427 septentrionali.

222 489 400 535 Cyprinus
420 486 609 522 leuciscus.
628 487 765 521 Noster
778 487 886 521 Flam
899 515 910 529 ,
930 487 1098 521 Schwczl.
1120 488 1237 532 Hujus
1252 487 1301 522 fel
1318 493 1484 523 omnium
1499 494 1652 537 piscium
1663 503 1763 527 ama-

153 548 344 579 rissimum.
370 546 532 579 Nonnisi
553 549 631 579 ovis
652 553 914 591 praegnantes,
941 555 1134 591 nunquam
1152 556 1269 579 mares
1292 551 1459 593 reperiri,
1488 552 1612 582 asserit
1629 547 1764 582 Fisch-

156 600 340 636 bt'icltleitz
350 601 427 646 sol.
444 602 488 635 B.
511 616 536 635 1.
552 600 584 635 b.

226 657 398 692 Blochius
418 669 494 691 non
514 656 647 701 habet,
670 669 793 706 neque
816 657 934 692 ullum
960 666 1172 692 nostrorum
1193 664 1387 693 nominum
1409 666 1714 708 germanicorum.

226 712 323 747 Mihi
347 713 511 748 lenciscc·
530 719 680 749 nomine
701 714 897 762 pisciculus
916 714 1300 762 Nepperschmidiano
1321 717 1433 751 niodo
1456 728 1601 765 paratus
1617 718 1764 753 Lubeca

152 774 280 804 missus
304 780 377 815 est,
398 775 457 804 cui
477 770 702 818 adscriptum
720 771 828 806 simul
853 776 1104 818 germanicum
1127 784 1265 807 nomen
1292 774 1507 821 VVeisfisclz
1529 775 1586 808 M.
1605 785 1702 820 erat,
1728 784 1765 809 et

152 825 224 861 alia
243 838 356 861 manu
371 826 518 862 inferius
534 827 759 863 Schneider.
789 827 1048 875 Magnitudine
1067 834 1182 863 nostri
1202 829 1366 877 Lange,
1394 843 1470 865 non
1491 833 1566 877 ejus
1590 844 1692 866 more
1706 845 1762 867 ar-

152 893 265 930 gento
292 883 552 931 resplendens,
581 885 645 919 sed
674 897 778 919 more
808 885 933 920 Fumi
951 883 1144 932 flavicalis,
1170 892 1283 934 magis
1312 899 1496 923 convexus
1524 899 1739 937 torosusque
1756 917 1765 935 ,

152 944 267 987 pinna
287 940 423 976 dorsali
441 941 614 990 analique
632 942 740 977 radiis
761 954 793 989 9.

225 1051 375 1096 Cyprini
399 1047 495 1092 duo,
514 1060 672 1095 quorum
691 1049 785 1084 alter
807 1049 1066 1084 Basiliensibus
1084 1050 1211 1092 ΑΙαι,
1232 1051 1325 1084 alter
1351 1051 1500 1086 Haesel
1521 1052 1674 1098 dicitur,
1706 1066 1765 1099 cy-

150 1111 258 1154 prino
279 1103 441 1139 dobulae
453 1113 507 1138 sat
524 1103 670 1138 similes.
684 1103 824 1138 Basilea
837 1109 935 1137 missi
952 1116 971 1137 a
984 1103 1249 1149 Ramsbeckio,
1264 1105 1359 1141 Prof.
1381 1120 1478 1153 1772.
1491 1108 1525 1143 d.
1544 1111 1690 1144 1.Mart.

224 1163 345 1205 Prior,
368 1160 491 1203 Alae,
512 1160 610 1199 idem
631 1173 716 1195 cum
736 1169 862 1194 nostro
883 1160 1012 1202 Fam,
1030 1162 1208 1208 Cyprinus
1226 1160 1414 1198 leuciscus.
1442 1166 1619 1213 Cyprinus
1633 1178 1764 1214 sargus.

152 1218 296 1254 Arcedi
314 1219 464 1264 Synon.
480 1218 543 1265 Sp.
564 1219 614 1253 15.

226 1276 358 1320 Major.
387 1276 480 1310 Mas.
509 1274 720 1322 Longitudo
749 1287 884 1310 novem
907 1274 1088 1323 pollicum
1107 1287 1193 1310 cum
1214 1274 1378 1312 dimidio.
1405 1279 1616 1326 Longitudo
1637 1286 1764 1329 capitis

152 1331 199 1366 ab
218 1337 321 1379 apice
343 1331 517 1366 maxillae
541 1337 736 1380 superioris
755 1332 803 1366 ad
825 1338 969 1380 apicem
987 1338 1169 1381 posticum
1198 1334 1363 1381 operculi
1392 1335 1647 1371 branchiarum
1676 1338 1765 1374 dua-

153 1401 234 1422 rum
246 1400 433 1422 novenum
449 1394 607 1436 partium
624 1394 734 1423 totius
750 1388 999 1436 longitudinis.
1021 1390 1193 1424 Latitudo
1210 1401 1295 1425 ante
1307 1397 1459 1439 pinnam
1474 1392 1658 1428 dorsalem
1672 1395 1764 1430 duo-

152 1457 233 1479 rum
252 1444 431 1493 pollicum
445 1455 481 1479 et
496 1444 676 1479 linearum
692 1445 857 1479 duarum.
884 1447 1024 1480 Pinnae
1045 1445 1197 1480 dorsalis
1216 1452 1360 1482 initium
1377 1459 1534 1496 quatuor
1553 1449 1667 1485 lineas
1682 1461 1765 1499 post

152 1507 298 1537 initium
321 1507 517 1549 pinnarum
544 1501 774 1536 ventralium.
802 1503 943 1535 Pinnae
972 1501 1198 1549 pectorales,
1227 1504 1406 1539 ventralcs
1435 1516 1471 1540 et
1498 1507 1623 1543 anales
1650 1515 1763 1556 magis

152 1558 336 1593 rubentes.
375 1560 437 1592 Iris
463 1557 672 1593 subcitrina.
700 1558 883 1606 Opercula
910 1559 1165 1594 branchiarum
1190 1566 1283 1596 striis
1306 1562 1562 1599 elevatioribus
1582 1565 1762 1603 distincta.

154 1615 270 1650 Color
288 1627 523 1662 squamarum
542 1621 662 1649 minus
680 1625 872 1662 argenteus
891 1615 978 1650 albo
997 1615 1203 1652 flavescens.

211 1670 368 1707 'Pinnae
389 1671 586 1719 pectoralis
606 1672 696 1706 radii
724 1672 773 1706 15.
798 1672 970 1706 venti-alis
983 1686 1014 1719 1).
1038 1673 1153 1708 analis
1173 1687 1224 1709 1ο.
1247 1674 1398 1710 dorsalis
1420 1690 1468 1711 10.
1493 1679 1655 1714 caudalis
1676 1680 1730 1715 25.

225 1730 339 1762 Linea
360 1728 519 1763 lateralis
544 1734 583 1763 in
609 1741 712 1763 nono
737 1741 972 1776 squamarum
993 1729 1142 1773 ordine,
1173 1735 1200 1764 si
1220 1743 1284 1778 pro
1307 1737 1424 1779 primo
1450 1739 1559 1768 istum
1584 1741 1762 1783 imparem

151 1790 262 1821 sumis
283 1790 343 1832 qui
364 1795 415 1820 est
437 1791 475 1819 in
495 1785 619 1819 medio
641 1785 748 1820 dorso
773 1795 809 1820 et
831 1795 917 1821 ante
937 1792 1089 1834 pinnam
1111 1787 1294 1822 dorsalem
1316 1791 1545 1825 numerando
1562 1792 1760 1828 descendis.

151 1844 265 1877 Linea
281 1840 440 1876 lateralis
460 1841 554 1876 facta
575 1854 622 1875 ex
635 1848 793 1889 squamis
809 1842 1035 1890 glandulosis
1057 1844 1295 1892 quadraginta
1312 1852 1484 1895 quinque.
1502 1849 1762 1885 Peritonaeum

152 1903 297 1947 puncsss
315 1898 514 1944 majoribus
536 1904 770 1946 variegaturn.

227 1954 349 1999 Alter,
370 1955 518 1992 Haesel
540 1955 818 2002 Basiliensibus,
841 1956 1059 1993 nostratibus
1074 1958 1313 2006 piscatoribus
1329 1959 1602 2009 Sclmotstscla,
1629 1973 1682 2000 est
1704 1977 1763 2010 cy-

152 2018 278 2061 prinus
301 2011 448 2047 dobula.

227 2071 353 2103 Minor
373 2069 628 2117 praecedenti,
655 2069 801 2105 femina.
829 2070 1038 2117 Longitudo
1061 2081 1146 2106 ocio
1168 2072 1345 2120 pollicum
1366 2087 1450 2108 cum
1473 2075 1634 2111 dimidio.
1663 2078 1760 2112 Lon-

152 2126 279 2173 gitudo
303 2133 430 2174 capitis
444 2126 490 2161 ab
505 2133 607 2175 apice
626 2127 798 2162 maxillae
818 2134 1012 2175 superioris
1032 2129 1078 2163 ad
1101 2135 1242 2176 apicem
1266 2136 1448 2178 posticum
1468 2133 1631 2179 operculi
1654 2133 1761 2169 brau-

154 2183 317 2217 cliiarum
339 2189 465 2231 quinta
485 2197 566 2232 pars
587 2190 696 2219 totius
717 2184 967 2232 longitudinis.
996 2186 1166 2220 Lanuuio
1186 2196 1271 2220 anie
1285 2193 1434 2235 pinnam
1450 2188 1632 2223 domium
1654 2196 1760 2225 unius

154 2239 320 2287 pollicis,
347 2240 522 2275 undecim
544 2241 735 2278 linearum.
769 2243 908 2277 Pinnae
936 2240 1088 2276 dorsalis
1109 2248 1252 2278 initium
1279 2243 1491 2279 immediate
1510 2256 1594 2280 ame
1615 2252 1760 2281 initium
