2054 2748
863 145 1077 177 Aves.
1698 139 1777 184 125

237 236 279 270 In
300 233 436 282 Strige,
465 244 559 281 quae
578 230 671 266 mihi
690 231 760 266 Ao.
782 230 815 267 6.
839 230 963 278 (1797.
986 236 1089 267 initio
1113 229 1258 278 Martii)
1275 235 1385 266 missa
1405 241 1482 277 est,
1503 243 1613 281 quam
1630 247 1774 285 semper

164 303 231 339 pro
251 291 367 326 altero
392 303 481 325 sexu
505 289 699 338 pallidiore
714 288 880 323 aluconis
900 287 1033 332 habui,
1056 287 1213 323 alterum
1238 288 1389 323 oculum
1413 288 1539 337 pulcre
1563 293 1776 328 coeruleum

163 353 303 396 reperio
328 347 464 395 (altero
490 345 718 393 destructo);
745 355 903 380 rostrum
929 343 1333 380 albido-subvirescens.
1357 345 1474 381 Pedes
1499 346 1609 381 dense
1636 349 1776 395 villosi,

161 404 346 440 maculati.
369 406 511 440 Remex
529 410 646 452 prima
667 403 893 445 brevissima3
920 406 1050 448 quinta
1072 408 1226 436 omnino
1248 401 1472 450 longissima.
1491 403 1659 452 Remiges
1683 406 1776 442 duae

161 467 301 510 primae
319 472 486 497 serratae.
514 463 638 496 Etiam
659 459 754 494 duae
772 464 911 506 primae
930 456 1053 492 alulae
1072 464 1225 505 spuriae.

234 574 413 621 Ipsissima
425 572 532 607 Stn'x
547 573 758 619 passerina
776 569 870 606 mihi
889 583 935 606 ex
950 569 1230 619 Tranquebaria
1242 569 1368 606 Indiae
1383 571 1571 608 orientalis
1590 577 1697 609 missa
1711 582 1773 610 est.

587 675 894 720 LANIUS
934 674 1221 719 MINOR.
1252 675 1414 719 Nobis.

233 772 374 808 cauda
388 773 627 821 cunezsormi
642 772 832 808 lateribus
854 773 952 808 alba
965 800 977 815 ,
995 774 1111 810 dorso
1131 786 1235 808 ccmo
1249 801 1262 816 ,
1283 773 1361 808 alis
1381 774 1526 821 nigris,
1547 775 1772 812 ceecn'cibas

159 832 275 876 apice
293 833 367 864 ‘vix
390 830 493 864 albis
506 858 518 873 ,
532 832 671 876 fronte
692 833 832 877 nigra,
847 830 1157 878 lzypoclzondn'is
1177 830 1476 878 rufescetzcibzcs.

232 889 337 921 Circa
358 887 602 934 Argentinam
621 896 657 922 et
673 886 897 922 Colmariam
917 898 1053 936 captus.

230 943 293 976 La
317 946 440 990 petite
464 943 708 990 pie-grieclze
730 946 845 990 grisa.
874 945 1048 979 Brisson.
1078 943 1226 980 Frisclz.
1247 942 1327 978 tab.
1357 942 1415 978 60.
1445 944 1511 978 Est
1531 943 1777 991 pie-gdech&

157 997 321 1032 d’lcalz'e
335 998 532 1044 Bchfom'l.
557 999 597 1032 T.
625 1000 657 1033 I.
678 1011 715 1046 p.
732 1001 812 1045 298.
833 998 888 1034 Pl.
915 998 1052 1033 enlum.
1073 998 1145 1034 tab.
1161 999 1216 1034 32.
1237 998 1297 1046 fig.
1318 1013 1346 1034 1.
1363 998 1437 1034 Sed
1456 999 1644 1048 praeclare
1662 1010 1778 1048 errat,

157 1054 247 1089 dum
274 1067 340 1103 pro
361 1066 473 1103 *mera
496 1059 669 1091 varietate
693 1054 815 1090 habet.
845 1054 991 1091 Statura
1011 1061 1155 1091 minore
1175 1066 1212 1091 et
1234 1055 1420 1091 coloribus
1445 1055 1578 1093 differt.

564 1158 873 1202 LANIUS
918 1159 1368 1205 DOLIATUS.

229 1256 331 1290 Mun
354 1267 500 1303 prorsus
509 1255 645 1291 similis
662 1261 770 1290 missa
789 1261 863 1290 avis
886 1269 932 1290 ex
947 1256 1245 1304 Tranquebaria;
1266 1261 1334 1291 nisi
1347 1255 1449 1304 quod
1463 1260 1585 1292 minus
1608 1262 1773 1293 cristatus

157 1322 194 1348 et
221 1322 379 1347 rostrum
403 1312 594 1360 aliquanto
617 1311 764 1359 longius
788 1319 842 1347 sit.

528 1411 998 1457 PSITTACUS
1043 1413 1394 1458 NOBILIS.

226 1512 303 1547 H1c
333 1512 569 1559 Argentorati
598 1510 697 1559 apud
728 1511 806 1546 Dn.
842 1510 1014 1547 Mai-chal
1041 1512 1111 1546 Ao.
1138 1511 1171 1548 6.
1198 1511 1322 1560 (1797.
1349 1517 1474 1560 primis
1499 1513 1592 1560 Maji
1624 1512 1773 1562 diebus)

154 1575 296 1618 peperit
325 1581 393 1603 ova
420 1574 507 1613 tria,
533 1577 731 1616 postquam
753 1568 828 1614 jam
856 1581 922 1616 per
947 1569 1230 1616 quatuordecim
1257 1582 1375 1605 annos
1394 1569 1552 1606 aluisset.
1573 1571 1774 1619 Singularis

153 1625 419 1674 magnitudinis
440 1638 528 1670 ova,
555 1635 592 1660 et
611 1626 750 1670 majora
768 1624 990 1660 columbinis
1005 1653 1014 1670 ,
1041 1624 1275 1673 longitudine
1290 1632 1396 1661 unius
1410 1626 1572 1675 pollicis,
1593 1627 1774 1663 linearum

154 1693 314 1731 septem,
341 1682 537 1717 latitudine
552 1681 733 1716 linearum
753 1681 927 1717 tredecim
943 1710 952 1727 ,
974 1682 1081 1730 (ergo
1109 1694 1187 1716 non
1206 1682 1484 1731 subsphaerica,
1511 1689 1564 1720 uti
1585 1684 1774 1720 Buffonius

153 1739 267 1775 habet
282 1767 290 1783 ,
318 1751 352 1786 p.
383 1734 480 1784 146.)
507 1737 624 1772 nitide
639 1736 733 1772 alba.
760 1739 881 1785 Vulgo
905 1739 979 1772 duo
1000 1748 1144 1773 tantum
1164 1751 1231 1774 ova
1255 1746 1417 1788 psittacis
1435 1741 1657 1777 adscribunt.
1684 1743 1773 1778 Post·

153 1796 248 1831 adeo
275 1795 487 1830 diuturnam
511 1793 740 1829 sterilitatem
758 1804 905 1842 partum
925 1795 1075 1829 tandem
1093 1806 1289 1844 sequutum
1309 1810 1407 1843 esse,
1428 1803 1540 1833 etiam
1558 1804 1597 1833 111
1619 1798 1771 1834 historia

153 1856 402 1900 generationis
419 1857 456 1885 in
471 1862 604 1899 genere
626 1851 920 1886 memorandum.
935 1853 1013 1886 Imo
1027 1880 1035 1896 ,
1056 1862 1095 1887 ut
1109 1863 1237 1901 postea
1253 1854 1388 1901 didici,
1415 1861 1589 1904 psittacus
1609 1856 1668 1891 hic
1693 1870 1770 1891 non

154 1915 193 1944 in
218 1909 272 1943 his
292 1907 406 1943 tribus
421 1914 498 1943 ovis
512 1907 693 1955 substitit,
719 1908 783 1944 sed
801 1918 943 1957 septem
962 1921 1030 1945 ova
1050 1915 1204 1946 omnino
1223 1917 1384 1960 peperit,
1410 1918 1637 1961 septimanae
1657 1919 1768 1949 inter-

154 1965 275 2011 vallo,
296 1977 410 2000 unum
426 1964 472 2000 ab
491 1965 620 2001 altero.

311 2069 774 2115 PSITTACUS
822 2071 1399 2117 SEMIROSTRIS.
1446 2074 1610 2118 Nobis.

228 2166 466 2203 Affacrozlrzcs
482 2197 493 2210 ‚
519 2170 661 2205 ‘viridis
676 2198 686 2212 ,
715 2169 954 2204 mandibula
980 2172 1176 2217 superiore
1200 2171 1420 2219 collarc'qne
1440 2170 1572 2205 rubris.

226 2224 371 2259 Parvus.
388 2226 542 2261 Humeri
553 2227 678 2263 subtus
688 2225 1055 2264 flavescenti-virides.
1066 2229 1187 2276 Capiti
1200 2228 1341 2278 aliquid
1357 2227 1519 2264 coerulei
1529 2239 1565 2263 se
1575 2232 1738 2265 immisce
1746 2239 1765 2264 tu
