2054 2748
255 168 283 209 ὅ
615 167 1088 204 OBSERVATIONES
1136 147 1490 198 ZOOLOG-ICAE.

255 262 405 310 frigidae
421 269 530 297 tactu,
559 258 723 294 Caudam
743 255 988 307 prehensilem
1007 254 1054 289 ad
1074 252 1156 303 plus
1172 265 1283 301 quam
1295 252 1382 288 duas
1397 257 1517 288 tertias
1535 261 1655 301 partes
1671 264 1859 290 arroserat.

255 319 319 354 Nil
334 324 453 353 minus
465 322 647 366 patienter
666 316 751 360 sert,
767 326 877 363 quam
892 312 1017 346 sunem
1036 323 1110 360 quo
1129 310 1300 358 alligatur
1312 338 1320 354 ,
1340 309 1474 344 adduci
1492 320 1529 345 et
1548 309 1753 346 breviorem
1771 310 1859 346 fieri.

255 376 354 411 Tum
375 382 484 410 iratus
503 373 671 409 dentibus
692 371 932 418 manibusque
953 367 1150 417 prehendit
1170 377 1205 402 et
1225 366 1384 402 attrahit.
1410 365 1548 401 Differt
1566 366 1613 402 ab
1631 366 1704 402 alio
1729 367 1860 413 simili,

256 445 367 480 quem
382 431 473 466 olim
487 431 580 474 vidi,
596 440 631 465 et
647 440 757 477 quem
771 427 809 462 S.
822 425 1036 473 Rossigzzol
1055 423 1247 460 vocabant.
1273 423 1341 458 Ille
1356 432 1514 471 quatuor
1527 423 1680 471 pedibus
1694 430 1861 459 insistens

256 489 427 524 lubenter
454 486 662 529 exsiliebat,
683 494 718 518 et
741 492 887 518 acutam
910 487 1013 531 quasi
1031 480 1194 517 aviculae
1217 490 1412 516 canentem
1430 492 1561 515 vocem
1585 480 1726 516 edebat.
1757 483 1860 515 Haec

255 558 333 581 non
346 546 418 580 hoc
434 544 547 579 niodo
563 546 754 588 irrequieta
767 568 776 585 ,
790 552 860 575 nec
874 539 1052 574 exsiliens.
1079 540 1162 574 Vox
1175 538 1301 573 brevis.
1328 539 1400 572 Lac
1416 536 1586 572 lubenter
1600 536 1713 581 bibit,
1732 536 1861 572 bibens

256 603 462 651 quadrupes
482 604 644 634 immittit
671 610 711 632 os
738 602 906 645 patinae,
934 607 1013 632 tum
1043 595 1210 632 fricando
1234 595 1281 629 ad
1305 605 1440 629 terram
1470 593 1633 641 detergit.
1668 594 1755 628 Vidi
1777 593 1863 628 dein

256 659 371 694 linteo
390 656 570 706 prehenso
591 654 807 702 abstergere.
836 655 1027 701 Papaveris
1048 658 1187 687 semina
1207 664 1253 686 ex
1274 650 1359 687 vola
1387 663 1517 686 manus
1550 649 1692 696 colligit
1715 650 1840 697 lingua
1853 677 1863 696 ,

257 726 293 750 et
311 727 394 751 cum
409 713 597 760 voluptate
616 720 727 747 vorat.
746 710 926 759 Lepidum
942 720 995 745 est
1008 710 1149 753 videre,
1165 708 1314 757 quando
1332 720 1442 743 ovum
1456 707 1505 742 ad
1524 707 1695 744 duritiem
1715 716 1864 741 coctum

256 771 449 820 praebetur
473 768 578 803 valde
607 767 742 804 calens.
779 768 877 801 Tum
901 767 947 802 de
976 779 1088 801 manu
1113 771 1151 800 in
1179 777 1331 800 manum
1352 765 1527 811 conjicit,
1555 776 1676 813 neque
1703 763 1863 798 dimittit.

257 828 435 863 Adustam
459 838 609 860 manum
628 825 675 859 ad
696 824 808 873 pedes
835 829 1053 873 posteriores
1071 821 1220 857 affricat.
1253 820 1415 867 Quando
1444 820 1596 855 tandem
1618 824 1702 854 satis
1728 819 1865 855 refrixit

257 885 396 920 duabus
422 882 590 918 manibus
617 881 841 931 prehensum
869 893 980 916 ovum
1005 886 1146 928 impetu
1175 890 1310 925 magno
1325 905 1333 921 ,
1357 876 1421 911 sed
1438 876 1486 911 ad
1512 875 1685 910 ultimum
1713 875 1863 923 quando

257 954 367 977 ovum
394 940 474 974 solo
505 944 777 987 appropinquat
803 947 1007 986 temperato
1034 936 1164 971 allidit.
1200 934 1260 969 Ad
1278 933 1449 970 vitellum
1471 932 1533 967 ubi
1553 937 1740 980 pervenit,
1766 931 1866 965 hunc

256 997 434 1046 praefert,
457 995 656 1042 albumque
680 994 842 1041 negligit.
871 996 1047 1029 Fructum
1066 991 1322 1027 succulentum
1342 1000 1491 1034 nactus,
1512 988 1629 1037 qualis
1652 999 1706 1023 est
1724 990 1866 1023 Prunus

256 1053 474 1097 Mirabella,
500 1058 682 1099 integrum
706 1057 744 1086 in
771 1064 810 1085 os
831 1056 1014 1095 immittit,
1043 1054 1249 1097 premitque
1269 1053 1308 1081 in
1327 1059 1389 1080 ore
1408 1059 1450 1080 ac
1469 1054 1609 1090 versat,
1632 1055 1673 1080 ut
1691 1043 1867 1079 nuculam

256 1121 292 1146 et
308 1109 522 1159 pelliculam
541 1118 725 1143 removeat
745 1118 780 1142 et
793 1107 949 1153 abjiciat.
970 1107 1028 1141 Ne
1039 1102 1167 1140 >autem
1183 1104 1272 1153 quid
1291 1109 1390 1138 succi
1404 1102 1555 1151 perdat,
1575 1110 1685 1149 caput
1700 1100 1864 1136 reclinat.

255 1170 308 1202 Ita
325 1167 396 1201 alia
416 1171 616 1200 excorticat
636 1174 671 1199 et
693 1163 887 1208 enucleat,
910 1173 950 1198 ut
963 1175 1054 1198 uvae
1070 1162 1218 1206 baccas,
1239 1159 1404 1209 phaseoli
1424 1164 1562 1194 semina
1582 1168 1698 1193 cocta.
1725 1158 1865 1192 Panem

255 1233 374 1267 amat,
401 1222 465 1256 sed
492 1231 687 1256 recentem.
718 1223 885 1255 Crustam
911 1220 1035 1265 rejicit.
1062 1219 1235 1263 Oniscos,
1258 1216 1461 1264 Phalangia
1483 1220 1668 1264 proposui.
1694 1216 1783 1249 Non
1801 1214 1867 1248 ad-

255 1283 384 1327 spexit.
403 1276 530 1311 Plures
547 1276 681 1310 deinde
697 1276 813 1309 larvas
828 1275 1037 1313 Phalaenae
1052 1275 1189 1309 Aceris.
1213 1274 1378 1320 Arripuit
1393 1285 1506 1307 unam
1526 1271 1776 1318 negligenter:
1792 1282 1869 1304 ma-

254 1334 362 1369 nibus
376 1331 606 1375 dilaceravit,
622 1340 819 1378 postquam
834 1335 993 1378 primum
1004 1335 1098 1364 inter
1110 1329 1212 1366 volas
1224 1334 1380 1366 triverat.
1396 1329 1612 1362 Extractum
1623 1325 1869 1362 ventriculum

255 1392 404 1425 voravit.
431 1385 554 1418 Aliam
573 1393 701 1430 postea
717 1385 841 1416 datam
860 1384 1097 1415 solummodo
1114 1387 1278 1425 gustavit.
1302 1383 1465 1412 Herbam
1483 1383 1646 1414 evulsam
1663 1388 1870 1428 iterumque

257 1444 328 1480 alia
348 1447 425 1477 vice
448 1440 611 1474 chartam
633 1444 671 1472 in
696 1436 884 1472 vasculum
904 1447 999 1483 aqua
1018 1434 1174 1483 plenum
1194 1440 1362 1480 immisit,
1384 1441 1598 1483 compressit
1611 1464 1620 1481 ,
1646 1442 1751 1472 torsit
1765 1448 1869 1471 more

258 1501 397 1535 lotricis
411 1525 419 1541 ,
441 1507 633 1542 rursusque
658 1493 844 1542 explicuit.

330 1556 479 1589 Vestem
503 1557 676 1586 sericeam
700 1556 848 1589 miratus
878 1558 954 1593 cst,
988 1558 1024 1583 et
1051 1554 1153 1584 strias
1178 1555 1374 1598 praecipue
1404 1555 1560 1585 aurantii
1589 1549 1747 1595 coloris,
1776 1562 1869 1598 quae

260 1620 362 1648 erant
383 1616 478 1645 inter
495 1608 582 1643 alias
607 1607 711 1643 viridi
730 1616 766 1641 et
791 1606 956 1641 violaceo
980 1604 1128 1650 colore,
1150 1616 1289 1641 attente
1312 1619 1355 1641 ac
1380 1617 1503 1652 caute,
1524 1616 1560 1641 et
1582 1606 1781 1655 voluptatis
1800 1607 1868 1642 ali-

260 1681 370 1718 quem
389 1679 534 1702 sensum
555 1670 761 1713 exprimens
782 1663 885 1710 digiti
903 1661 1032 1697 indicis
1059 1668 1162 1710 apice
1186 1669 1324 1710 tetigit,
1347 1673 1383 1698 et
1405 1669 1507 1711 quasi
1528 1668 1674 1699 veniam
1692 1663 1869 1710 tangendi

259 1736 387 1775 petens
408 1736 466 1758 me
485 1723 659 1770 adspexit.
686 1723 857 1756 Linteum
876 1731 1024 1768 quoque
1045 1719 1245 1754 candidum
1269 1730 1423 1772 utraque
1444 1733 1558 1757 manu
1580 1729 1686 1755 caute
1709 1729 1868 1755 tractans

260 1793 297 1819 et
320 1780 537 1825 delicatule,
566 1779 750 1828 explicuit.

333 1839 371 1873 Si
386 1840 566 1872 Linnaeus
587 1836 674 1871 dicit
694 1849 771 1871 non
785 1835 934 1879 saltare,
953 1834 989 1869 id
1007 1840 1057 1869 ita
1075 1833 1379 1881 intelligendum,
1395 1833 1500 1882 quod
1519 1833 1703 1868 lubentius
1725 1831 1867 1877 sellam,

261 1911 290 1933 e.
307 1909 339 1943 g.
364 1894 536 1932 ascendat
562 1893 729 1928 manibus
755 1892 994 1941 prehensam,
1023 1903 1133 1938 quam
1160 1891 1306 1925 insiliat.
1334 1892 1466 1939 Neque
1485 1895 1656 1925 miserum
1674 1889 1868 1935 ejulatum,

261 1964 381 2001 neque
401 1951 601 1986 clamorem
621 1950 867 1992 horrendum,
890 1959 1011 1994 neque
1031 1946 1224 1984 stridorem
1244 1946 1412 1991 cicadae,
1438 1959 1558 1994 neque
1577 1945 1750 1982 latratum
1768 1951 1868 1980 canis

262 2010 400 2053 audivi,
433 2008 496 2042 sed
523 2007 644 2041 lenem
668 2019 796 2042 vocem
829 2005 925 2053 gliC,
953 2003 1034 2051 glic.
1062 2006 1155 2038 Irata
1183 2003 1354 2038 dentibus
1384 2015 1461 2037 non
1484 2003 1611 2038 stridet
1638 2012 1700 2037 aut
1731 2007 1868 2049 gannit.

262 2068 425 2101 Priorem
445 2077 550 2098 suum
571 2064 764 2100 dominum
784 2068 846 2110 qui
865 2060 1071 2097 verberibus
1091 2073 1180 2104 eam*
1195 2072 1337 2107 semper
1358 2059 1454 2094 male
1474 2068 1709 2102 tractaverat,
1724 2057 1867 2101 videns,

265 2133 299 2157 vt
320 2120 556 2156 solummodo
582 2132 711 2155 vocem
733 2120 808 2165 ejus
833 2117 879 2152 ab
900 2122 1004 2151 initio
1033 2116 1203 2161 audiens,
1230 2121 1319 2150 mire
1341 2115 1408 2150 sibi
1437 2121 1578 2160 timuit,
1605 2125 1641 2150 et
1664 2115 1802 2160 majore
1826 2127 1868 2148 ae

264 2177 500 2225 profundiore
532 2188 622 2211 voce
651 2175 830 2210 clamavit.
866 2175 940 2208 Eos
969 2186 1060 2221 quos
1089 2173 1236 2208 amabat
1257 2173 1383 2208 videns
1413 2178 1451 2206 in
1477 2172 1571 2206 latus
1598 2185 1635 2206 se
1662 2176 1869 2219 composuit

265 2228 441 2279 blanduS,
467 2243 502 2269 et
517 2237 757 2277 contractari,
780 2230 941 2279 palpari,
961 2230 1061 2265 scabi
1082 2229 1238 2265 amabat.
1265 2229 1303 2264 Si
1330 2229 1366 2264 id
1388 2242 1407 2263 a
1428 2228 1571 2268 feminis
1590 2228 1714 2275 fieret,
1737 2232 1868 2262 arrexit

1739 2295 1866 2332 saepe,
