<?xml version="1.0" encoding="UTF-8"?>
<!DOCTYPE html PUBLIC "-//W3C//DTD XHTML 1.0 Transitional//EN"
    "http://www.w3.org/TR/xhtml1/DTD/xhtml1-transitional.dtd">
<html xmlns="http://www.w3.org/1999/xhtml" xml:lang="en" lang="en">
 <head>
  <title>
</title>
<meta http-equiv="Content-Type" content="text/html;charset=utf-8" />
  <meta name='ocr-system' content='tesseract 3.04.00' />
  <meta name='ocr-capabilities' content='ocr_page ocr_carea ocr_par ocr_line ocrx_word'/>
</head>
<body>
  <div class='ocr_page' id='page_1' title='image "./observationeszoo00herm_0321.png"; bbox 0 0 2054 2748; ppageno 0'>
   <div class='ocr_carea' id='block_1_1' title="bbox 818 130 1766 191">
    <p class='ocr_par' dir='ltr' id='par_1_1' title="bbox 818 130 1766 191">
     <span class='ocr_line' id='line_1_1' title="bbox 818 130 1766 191; baseline -0.001 -20"><span class='ocrx_word' id='word_1_1' title='bbox 818 141 1122 173; x_wconf 71' lang='lat' dir='ltr'><strong>1³1scns.</strong></span> <span class='ocrx_word' id='word_1_2' title='bbox 1683 130 1766 191; x_wconf 74' lang='lat'><strong>517</strong></span> 
     </span>
    </p>
   </div>
   <div class='ocr_carea' id='block_1_2' title="bbox 154 225 1766 561">
    <p class='ocr_par' dir='ltr' id='par_1_2' title="bbox 154 225 1766 504">
     <span class='ocr_line' id='line_1_2' title="bbox 155 225 1764 277; baseline 0.001 -14"><span class='ocrx_word' id='word_1_3' title='bbox 155 226 296 264; x_wconf 78' lang='lat' dir='ltr'><em>XXV.</em></span> <span class='ocrx_word' id='word_1_4' title='bbox 318 236 373 263; x_wconf 84' lang='lat' dir='ltr'><strong>n.⁰</strong></span> <span class='ocrx_word' id='word_1_5' title='bbox 395 231 428 268; x_wconf 76' lang='grc'><strong>4.</strong></span> <span class='ocrx_word' id='word_1_6' title='bbox 448 232 600 262; x_wconf 85' lang='lat' dir='ltr'><strong>nomine</strong></span> <span class='ocrx_word' id='word_1_7' title='bbox 618 228 772 275; x_wconf 74' lang='lat' dir='ltr'><strong>cyprini</strong></span> <span class='ocrx_word' id='word_1_8' title='bbox 791 229 896 273; x_wconf 74' lang='lat' dir='ltr'><strong>regii.</strong></span> <span class='ocrx_word' id='word_1_9' title='bbox 925 225 998 261; x_wconf 86' lang='lat' dir='ltr'><strong>Sed</strong></span> <span class='ocrx_word' id='word_1_10' title='bbox 1018 226 1158 274; x_wconf 78' lang='lat' dir='ltr'><strong>reliqua</strong></span> <span class='ocrx_word' id='word_1_11' title='bbox 1180 236 1294 274; x_wconf 82' lang='lat' dir='ltr'><strong>quum</strong></span> <span class='ocrx_word' id='word_1_12' title='bbox 1312 231 1382 261; x_wconf 74' lang='lat' dir='ltr'><strong>sint</strong></span> <span class='ocrx_word' id='word_1_13' title='bbox 1402 227 1550 273; x_wconf 66' lang='lat' dir='ltr'><strong>eadem,</strong></span> <span class='ocrx_word' id='word_1_14' title='bbox 1571 240 1682 277; x_wconf 83' lang='lat' dir='ltr'><strong>quum</strong></span> <span class='ocrx_word' id='word_1_15' title='bbox 1700 230 1764 265; x_wconf 81' lang='lat' dir='ltr'><strong>ha·</strong></span> 
     </span>
     <span class='ocr_line' id='line_1_3' title="bbox 156 282 1766 334; baseline 0.001 -14"><span class='ocrx_word' id='word_1_16' title='bbox 156 285 263 320; x_wconf 71' lang='lat' dir='ltr'><strong>bearn</strong></span> <span class='ocrx_word' id='word_1_17' title='bbox 287 290 471 333; x_wconf 67' lang='lat' dir='ltr'><strong>specimen</strong></span> <span class='ocrx_word' id='word_1_18' title='bbox 496 290 654 332; x_wconf 78' lang='lat' dir='ltr'>squamis</span> <span class='ocrx_word' id='word_1_19' title='bbox 674 283 872 329; x_wconf 79' lang='lat' dir='ltr'><strong>majoribus</strong></span> <span class='ocrx_word' id='word_1_20' title='bbox 898 295 1008 330; x_wconf 73' lang='lat' dir='ltr'><strong>quam</strong></span> <span class='ocrx_word' id='word_1_21' title='bbox 1029 293 1113 318; x_wconf 81' lang='lat' dir='ltr'><strong>sunt</strong></span> <span class='ocrx_word' id='word_1_22' title='bbox 1133 282 1243 330; x_wconf 70' lang='lat' dir='ltr'><strong>vulgo</strong></span> <span class='ocrx_word' id='word_1_23' title='bbox 1259 311 1267 327; x_wconf 95' lang='grc'>,</span> <span class='ocrx_word' id='word_1_24' title='bbox 1297 282 1428 331; x_wconf 76' lang='lat' dir='ltr'><strong>quibus</strong></span> <span class='ocrx_word' id='word_1_25' title='bbox 1448 297 1578 332; x_wconf 72' lang='lat' dir='ltr'><strong>corpus</strong></span> <span class='ocrx_word' id='word_1_26' title='bbox 1602 286 1766 334; x_wconf 77' lang='lat' dir='ltr'><strong>undique</strong></span> 
     </span>
     <span class='ocr_line' id='line_1_4' title="bbox 156 340 1766 388; baseline 0.001 -11"><span class='ocrx_word' id='word_1_27' title='bbox 156 351 293 377; x_wconf 76' lang='lat' dir='ltr'><strong>tectum</strong></span> <span class='ocrx_word' id='word_1_28' title='bbox 311 351 384 386; x_wconf 79' lang='lat' dir='ltr'><strong>est,</strong></span> <span class='ocrx_word' id='word_1_29' title='bbox 409 353 523 387; x_wconf 85' lang='lat' dir='ltr'><strong>quum</strong></span> <span class='ocrx_word' id='word_1_30' title='bbox 539 351 575 376; x_wconf 80' lang='lat' dir='ltr'><strong>et</strong></span> <span class='ocrx_word' id='word_1_31' title='bbox 596 341 730 376; x_wconf 87' lang='lat' dir='ltr'><strong>dentur</strong></span> <span class='ocrx_word' id='word_1_32' title='bbox 749 340 859 388; x_wconf 79' lang='lat' dir='ltr'><strong>plane</strong></span> <span class='ocrx_word' id='word_1_33' title='bbox 879 340 988 385; x_wconf 73' lang='lat' dir='ltr'><strong>nudi,</strong></span> <span class='ocrx_word' id='word_1_34' title='bbox 1015 340 1153 388; x_wconf 56' lang='lat' dir='ltr'><strong>tibiaque</strong></span> <span class='ocrx_word' id='word_1_35' title='bbox 1172 340 1248 375; x_wconf 82' lang='lat' dir='ltr'><strong>ulla</strong></span> <span class='ocrx_word' id='word_1_36' title='bbox 1268 353 1438 388; x_wconf 74' lang='lat' dir='ltr'><strong>squama,</strong></span> <span class='ocrx_word' id='word_1_37' title='bbox 1459 347 1667 377; x_wconf 74' lang='lat' dir='ltr'><strong>varietatem</strong></span> <span class='ocrx_word' id='word_1_38' title='bbox 1690 355 1766 378; x_wconf 75' lang='lat' dir='ltr'><strong>esse</strong></span> 
     </span>
     <span class='ocr_line' id='line_1_5' title="bbox 154 396 1763 448; baseline 0.002 -15"><span class='ocrx_word' id='word_1_39' title='bbox 154 411 294 433; x_wconf 81' lang='lat' dir='ltr'><strong>meram</strong></span> <span class='ocrx_word' id='word_1_40' title='bbox 320 409 483 447; x_wconf 75' lang='lat' dir='ltr'><strong>apparet.</strong></span> <span class='ocrx_word' id='word_1_41' title='bbox 512 401 583 433; x_wconf 87' lang='lat' dir='ltr'><strong>Hic</strong></span> <span class='ocrx_word' id='word_1_42' title='bbox 608 404 778 446; x_wconf 79' lang='lat' dir='ltr'><strong>cyprinus</strong></span> <span class='ocrx_word' id='word_1_43' title='bbox 804 396 947 441; x_wconf 80' lang='lat' dir='ltr'><strong>nudus⁷</strong></span> <span class='ocrx_word' id='word_1_44' title='bbox 979 398 1266 445; x_wconf 52' lang='lat' dir='ltr'><strong>Lederltatyfi³‚</strong></span> <span class='ocrx_word' id='word_1_45' title='bbox 1297 410 1406 445; x_wconf 73' lang='lat' dir='ltr'><strong>quern</strong></span> <span class='ocrx_word' id='word_1_46' title='bbox 1432 397 1604 434; x_wconf 76' lang='lat' dir='ltr'><strong>Blochius</strong></span> <span class='ocrx_word' id='word_1_47' title='bbox 1628 413 1661 448; x_wconf 91' lang='lat' dir='ltr'><strong>p.</strong></span> <span class='ocrx_word' id='word_1_48' title='bbox 1688 401 1763 447; x_wconf 70' lang='lat'><strong>178.</strong></span> 
     </span>
     <span class='ocr_line' id='line_1_6' title="bbox 154 454 1443 504; baseline -0.001 -14"><span class='ocrx_word' id='word_1_49' title='bbox 154 468 221 504; x_wconf 87' lang='lat' dir='ltr'><strong>pro</strong></span> <span class='ocrx_word' id='word_1_50' title='bbox 239 456 410 491; x_wconf 68' lang='lat' dir='ltr'><strong>distincta</strong></span> <span class='ocrx_word' id='word_1_51' title='bbox 428 461 550 503; x_wconf 78' lang='lat' dir='ltr'><strong>Specie</strong></span> <span class='ocrx_word' id='word_1_52' title='bbox 571 455 684 490; x_wconf 76' lang='lat' dir='ltr'><strong>habet</strong></span> <span class='ocrx_word' id='word_1_53' title='bbox 697 483 706 499; x_wconf 84' lang='lat'>,</span> <span class='ocrx_word' id='word_1_54' title='bbox 725 454 816 489; x_wconf 86' lang='lat' dir='ltr'><strong>mihi</strong></span> <span class='ocrx_word' id='word_1_55' title='bbox 836 465 985 501; x_wconf 85' lang='lat' dir='ltr'><strong>quoque</strong></span> <span class='ocrx_word' id='word_1_56' title='bbox 1006 460 1156 490; x_wconf 81' lang='lat' dir='ltr'><strong>varietas</strong></span> <span class='ocrx_word' id='word_1_57' title='bbox 1172 467 1271 490; x_wconf 79' lang='lat' dir='ltr'><strong>mera</strong></span> <span class='ocrx_word' id='word_1_58' title='bbox 1290 455 1443 491; x_wconf 87' lang='lat' dir='ltr'><strong>videtur.</strong></span> 
     </span>
    </p>

    <p class='ocr_par' dir='ltr' id='par_1_3' title="bbox 229 511 1174 561">
     <span class='ocr_line' id='line_1_7' title="bbox 229 511 1174 561; baseline 0 -14"><span class='ocrx_word' id='word_1_59' title='bbox 229 513 314 548; x_wconf 74' lang='lat' dir='ltr'><strong>Alia</strong></span> <span class='ocrx_word' id='word_1_60' title='bbox 330 519 482 549; x_wconf 73' lang='lat' dir='ltr'><strong>varietas</strong></span> <span class='ocrx_word' id='word_1_61' title='bbox 501 511 690 561; x_wconf 67' lang='lat' dir='ltr'><strong>Scopinlsl.</strong></span> <span class='ocrx_word' id='word_1_62' title='bbox 706 513 877 546; x_wconf 77' lang='lat' dir='ltr'><strong>Kramer</strong></span> <span class='ocrx_word' id='word_1_63' title='bbox 891 512 1026 546; x_wconf 63' lang='lat' dir='ltr'><strong>Auser.</strong></span> <span class='ocrx_word' id='word_1_64' title='bbox 1040 525 1078 559; x_wconf 79' lang='lat' dir='ltr'><strong>p.</strong></span> <span class='ocrx_word' id='word_1_65' title='bbox 1095 512 1174 559; x_wconf 65' lang='lat'><strong>390.</strong></span> 
     </span>
    </p>
   </div>
   <div class='ocr_carea' id='block_1_3' title="bbox 776 586 972 591">
    <p class='ocr_par' dir='ltr' id='par_1_4' title="bbox 776 586 972 591">
     <span class='ocr_line' id='line_1_8' title="bbox 776 586 972 591; baseline 0 0"><span class='ocrx_word' id='word_1_66' title='bbox 776 586 972 591; x_wconf 95' lang='lat' dir='ltr'><strong> </strong></span> 
     </span>
    </p>
   </div>
   <div class='ocr_carea' id='block_1_4' title="bbox 977 587 1144 591">
    <p class='ocr_par' dir='ltr' id='par_1_5' title="bbox 977 587 1144 591">
     <span class='ocr_line' id='line_1_9' title="bbox 977 587 1144 591; baseline 0 0"><span class='ocrx_word' id='word_1_67' title='bbox 977 587 1144 591; x_wconf 95' lang='lat' dir='ltr'><strong> </strong></span> 
     </span>
    </p>
   </div>
   <div class='ocr_carea' id='block_1_5' title="bbox 155 619 1766 826">
    <p class='ocr_par' dir='ltr' id='par_1_6' title="bbox 155 619 1766 826">
     <span class='ocr_line' id='line_1_10' title="bbox 229 619 1763 670; baseline 0.001 -14"><span class='ocrx_word' id='word_1_68' title='bbox 229 625 407 670; x_wconf 75' lang='lat' dir='ltr'><strong>Cyprinus</strong></span> <span class='ocrx_word' id='word_1_69' title='bbox 433 627 556 669; x_wconf 80' lang='lat' dir='ltr'><strong>carpio</strong></span> <span class='ocrx_word' id='word_1_70' title='bbox 577 633 666 656; x_wconf 84' lang='lat' dir='ltr'><strong>naso</strong></span> <span class='ocrx_word' id='word_1_71' title='bbox 687 631 828 666; x_wconf 70' lang='lat' dir='ltr'><strong>retum,</strong></span> <span class='ocrx_word' id='word_1_72' title='bbox 853 620 974 655; x_wconf 85' lang='lat' dir='ltr'><strong>fronte</strong></span> <span class='ocrx_word' id='word_1_73' title='bbox 998 620 1126 668; x_wconf 73' lang='lat' dir='ltr'><strong>gibba,</strong></span> <span class='ocrx_word' id='word_1_74' title='bbox 1154 619 1253 655; x_wconf 84' lang='lat' dir='ltr'><strong>haud</strong></span> <span class='ocrx_word' id='word_1_75' title='bbox 1272 632 1389 666; x_wconf 81' lang='lat' dir='ltr'><strong>rarus,</strong></span> <span class='ocrx_word' id='word_1_76' title='bbox 1413 626 1610 669; x_wconf 82' lang='lat' dir='ltr'>quotannis</span> <span class='ocrx_word' id='word_1_77' title='bbox 1629 627 1763 670; x_wconf 83' lang='lat' dir='ltr'><strong>reperi-</strong></span> 
     </span>
     <span class='ocr_line' id='line_1_11' title="bbox 156 677 1765 726; baseline 0.002 -14"><span class='ocrx_word' id='word_1_78' title='bbox 156 687 223 713; x_wconf 88' lang='lat' dir='ltr'><strong>tur.</strong></span> <span class='ocrx_word' id='word_1_79' title='bbox 251 678 382 712; x_wconf 77' lang='lat' dir='ltr'><strong>Habeo</strong></span> <span class='ocrx_word' id='word_1_80' title='bbox 403 684 440 712; x_wconf 86' lang='lat' dir='ltr'><strong>in</strong></span> <span class='ocrx_word' id='word_1_81' title='bbox 457 684 608 726; x_wconf 74' lang='lat' dir='ltr'><strong>cyprino</strong></span> <span class='ocrx_word' id='word_1_82' title='bbox 625 678 764 726; x_wconf 78' lang='lat' dir='ltr'><strong>vulgari</strong></span> <span class='ocrx_word' id='word_1_83' title='bbox 779 688 815 713; x_wconf 89' lang='lat' dir='ltr'><strong>et</strong></span> <span class='ocrx_word' id='word_1_84' title='bbox 834 683 872 712; x_wconf 86' lang='grc'><strong>111</strong></span> <span class='ocrx_word' id='word_1_85' title='bbox 887 677 1194 725; x_wconf 77' lang='lat' dir='ltr'><strong>inacrolepidotO.</strong></span> <span class='ocrx_word' id='word_1_86' title='bbox 1216 677 1438 726; x_wconf 79' lang='lat' dir='ltr'><strong>Plerumque</strong></span> <span class='ocrx_word' id='word_1_87' title='bbox 1453 688 1505 713; x_wconf 83' lang='lat' dir='ltr'><strong>est</strong></span> <span class='ocrx_word' id='word_1_88' title='bbox 1524 678 1644 714; x_wconf 88' lang='lat' dir='ltr'><strong>fronte</strong></span> <span class='ocrx_word' id='word_1_89' title='bbox 1659 680 1765 715; x_wconf 83' lang='lat' dir='ltr'><strong>valde</strong></span> 
     </span>
     <span class='ocr_line' id='line_1_12' title="bbox 156 734 1766 783; baseline 0.002 -15"><span class='ocrx_word' id='word_1_90' title='bbox 156 747 343 781; x_wconf 70' lang='lat' dir='ltr'><strong>convexa,</strong></span> <span class='ocrx_word' id='word_1_91' title='bbox 369 735 472 770; x_wconf 84' lang='lat' dir='ltr'><strong>sulco</strong></span> <span class='ocrx_word' id='word_1_92' title='bbox 501 740 598 771; x_wconf 86' lang='lat' dir='ltr'><strong>inter</strong></span> <span class='ocrx_word' id='word_1_93' title='bbox 622 734 783 771; x_wconf 83' lang='lat' dir='ltr'><strong>frontem</strong></span> <span class='ocrx_word' id='word_1_94' title='bbox 809 745 847 770; x_wconf 87' lang='lat' dir='ltr'><strong>et</strong></span> <span class='ocrx_word' id='word_1_95' title='bbox 873 747 1013 770; x_wconf 79' lang='lat' dir='ltr'><strong>nasum.</strong></span> <span class='ocrx_word' id='word_1_96' title='bbox 1042 734 1116 769; x_wconf 81' lang='lat' dir='ltr'><strong>Sed</strong></span> <span class='ocrx_word' id='word_1_97' title='bbox 1143 740 1260 783; x_wconf 86' lang='lat' dir='ltr'><strong>reperi</strong></span> <span class='ocrx_word' id='word_1_98' title='bbox 1290 747 1439 783; x_wconf 83' lang='lat' dir='ltr'><strong>quoquc</strong></span> <span class='ocrx_word' id='word_1_99' title='bbox 1469 735 1590 772; x_wconf 88' lang='lat' dir='ltr'><strong>fronte</strong></span> <span class='ocrx_word' id='word_1_100' title='bbox 1622 745 1766 772; x_wconf 83' lang='lat' dir='ltr'><strong>tantum</strong></span> 
     </span>
     <span class='ocr_line' id='line_1_13' title="bbox 155 790 298 826; baseline 0.007 -1"><span class='ocrx_word' id='word_1_101' title='bbox 155 790 298 826; x_wconf 81' lang='lat' dir='ltr'>declivi.</span> 
     </span>
    </p>
   </div>
   <div class='ocr_carea' id='block_1_6' title="bbox 777 856 945 861">
    <p class='ocr_par' dir='ltr' id='par_1_7' title="bbox 777 856 945 861">
     <span class='ocr_line' id='line_1_14' title="bbox 777 856 945 861; baseline 0 0"><span class='ocrx_word' id='word_1_102' title='bbox 777 856 945 861; x_wconf 95' lang='lat' dir='ltr'><strong> </strong></span> 
     </span>
    </p>
   </div>
   <div class='ocr_carea' id='block_1_7' title="bbox 153 886 1766 1329">
    <p class='ocr_par' dir='ltr' id='par_1_8' title="bbox 153 886 1766 1158">
     <span class='ocr_line' id='line_1_15' title="bbox 227 886 1765 936; baseline 0.001 -15"><span class='ocrx_word' id='word_1_103' title='bbox 227 890 406 936; x_wconf 84' lang='lat' dir='ltr'><strong>Cyprinus</strong></span> <span class='ocrx_word' id='word_1_104' title='bbox 428 893 600 923; x_wconf 80' lang='lat' dir='ltr'><strong>carassius</strong></span> <span class='ocrx_word' id='word_1_105' title='bbox 619 893 657 924; x_wconf 89' lang='lat' dir='ltr'><strong>in</strong></span> <span class='ocrx_word' id='word_1_106' title='bbox 678 888 820 924; x_wconf 78' lang='grc' dir='ltr'>Α153113</span> <span class='ocrx_word' id='word_1_107' title='bbox 842 889 1012 924; x_wconf 84' lang='lat' dir='ltr'><strong>inferiore</strong></span> <span class='ocrx_word' id='word_1_108' title='bbox 1029 901 1149 924; x_wconf 78' lang='lat' dir='ltr'><strong>versus</strong></span> <span class='ocrx_word' id='word_1_109' title='bbox 1169 886 1417 923; x_wconf 78' lang='lat' dir='ltr'><strong>Palatinatum</strong></span> <span class='ocrx_word' id='word_1_110' title='bbox 1433 892 1470 922; x_wconf 90' lang='lat' dir='ltr'><strong>in</strong></span> <span class='ocrx_word' id='word_1_111' title='bbox 1486 887 1599 923; x_wconf 80' lang='lat' dir='ltr'><strong>fluviis</strong></span> <span class='ocrx_word' id='word_1_112' title='bbox 1618 893 1655 923; x_wconf 84' lang='grc'><strong>111</strong></span> <span class='ocrx_word' id='word_1_113' title='bbox 1668 889 1765 924; x_wconf 79' lang='lat' dir='ltr'><strong>Rhe-</strong></span> 
     </span>
     <span class='ocr_line' id='line_1_16' title="bbox 154 944 1765 994; baseline 0.001 -16"><span class='ocrx_word' id='word_1_114' title='bbox 154 957 245 979; x_wconf 88' lang='lat' dir='ltr'><strong>num</strong></span> <span class='ocrx_word' id='word_1_115' title='bbox 264 957 302 979; x_wconf 82' lang='lat' dir='ltr'><strong>se</strong></span> <span class='ocrx_word' id='word_1_116' title='bbox 321 945 616 981; x_wconf 78' lang='lat' dir='ltr'><strong>exonerantibus.</strong></span> <span class='ocrx_word' id='word_1_117' title='bbox 644 946 772 980; x_wconf 80' lang='lat' dir='ltr'>Rarius</span> <span class='ocrx_word' id='word_1_118' title='bbox 793 958 941 994; x_wconf 87' lang='lat' dir='ltr'><strong>quoque</strong></span> <span class='ocrx_word' id='word_1_119' title='bbox 961 951 998 980; x_wconf 89' lang='lat' dir='ltr'><strong>in</strong></span> <span class='ocrx_word' id='word_1_120' title='bbox 1021 944 1207 980; x_wconf 79' lang='lat' dir='ltr'><strong>canalibus</strong></span> <span class='ocrx_word' id='word_1_121' title='bbox 1229 944 1477 991; x_wconf 77' lang='lat' dir='ltr'><strong>segnioribus,</strong></span> <span class='ocrx_word' id='word_1_122' title='bbox 1503 950 1598 980; x_wconf 84' lang='lat' dir='ltr'><strong>circa</strong></span> <span class='ocrx_word' id='word_1_123' title='bbox 1618 946 1765 991; x_wconf 78' lang='lat' dir='ltr'><strong>urbem,</strong></span> 
     </span>
     <span class='ocr_line' id='line_1_17' title="bbox 154 1000 1766 1049; baseline 0.001 -14"><span class='ocrx_word' id='word_1_124' title='bbox 154 1001 218 1035; x_wconf 80' lang='lat' dir='ltr'><strong>sed</strong></span> <span class='ocrx_word' id='word_1_125' title='bbox 246 1007 304 1035; x_wconf 84' lang='lat' dir='ltr'><strong>vix</strong></span> <span class='ocrx_word' id='word_1_126' title='bbox 333 1002 566 1049; x_wconf 82' lang='lat' dir='ltr'><strong>sexpollicari</strong></span> <span class='ocrx_word' id='word_1_127' title='bbox 587 1002 832 1048; x_wconf 81' lang='lat' dir='ltr'><strong>longitudine.</strong></span> <span class='ocrx_word' id='word_1_128' title='bbox 876 1004 1039 1036; x_wconf 86' lang='lat' dir='ltr'><strong>Nomine</strong></span> <span class='ocrx_word' id='word_1_129' title='bbox 1066 1000 1337 1041; x_wconf 74' lang='lat' dir='ltr'><strong>Bm-recsclael,</strong></span> <span class='ocrx_word' id='word_1_130' title='bbox 1362 1006 1483 1047; x_wconf 86' lang='lat' dir='ltr'><strong>potius</strong></span> <span class='ocrx_word' id='word_1_131' title='bbox 1506 1001 1766 1037; x_wconf 70' lang='lat' dir='ltr'><strong>Kurrecsclael.</strong></span> 
     </span>
     <span class='ocr_line' id='line_1_18' title="bbox 153 1055 1766 1104; baseline 0.002 -14"><span class='ocrx_word' id='word_1_132' title='bbox 153 1059 224 1104; x_wconf 77' lang='lat' dir='ltr'><strong>Ipsi</strong></span> <span class='ocrx_word' id='word_1_133' title='bbox 246 1055 418 1090; x_wconf 78' lang='lat' dir='ltr'><strong>Baltnero</strong></span> <span class='ocrx_word' id='word_1_134' title='bbox 441 1061 660 1102; x_wconf 77' lang='lat' dir='ltr'><strong>incognitus.</strong></span> <span class='ocrx_word' id='word_1_135' title='bbox 688 1059 730 1089; x_wconf 90' lang='lat' dir='ltr'><strong>In</strong></span> <span class='ocrx_word' id='word_1_136' title='bbox 748 1057 1025 1101; x_wconf 82' lang='lat' dir='ltr'><strong>Lotharingiam</strong></span> <span class='ocrx_word' id='word_1_137' title='bbox 1044 1056 1276 1088; x_wconf 86' lang='lat' dir='ltr'><strong>introductus</strong></span> <span class='ocrx_word' id='word_1_138' title='bbox 1299 1068 1318 1088; x_wconf 83' lang='lat' dir='ltr'>a</span> <span class='ocrx_word' id='word_1_139' title='bbox 1339 1067 1424 1101; x_wconf 83' lang='lat' dir='ltr'><strong>rege</strong></span> <span class='ocrx_word' id='word_1_140' title='bbox 1443 1055 1626 1091; x_wconf 80' lang='lat' dir='ltr'><strong>Stanislao</strong></span> <span class='ocrx_word' id='word_1_141' title='bbox 1643 1085 1652 1101; x_wconf 85' lang='lat'>‚</span> <span class='ocrx_word' id='word_1_142' title='bbox 1671 1070 1766 1094; x_wconf 81' lang='lat' dir='ltr'><strong>asse-</strong></span> 
     </span>
     <span class='ocr_line' id='line_1_19' title="bbox 153 1108 1643 1158; baseline 0.001 -12"><span class='ocrx_word' id='word_1_143' title='bbox 153 1121 301 1149; x_wconf 76' lang='lat' dir='ltr'><strong>verante</strong></span> <span class='ocrx_word' id='word_1_144' title='bbox 316 1110 408 1145; x_wconf 86' lang='lat' dir='ltr'><strong>mihi</strong></span> <span class='ocrx_word' id='word_1_145' title='bbox 427 1116 593 1158; x_wconf 85' lang='lat' dir='ltr'><strong>principe</strong></span> <span class='ocrx_word' id='word_1_146' title='bbox 616 1108 808 1157; x_wconf 78' lang='lat' dir='ltr'><strong>Sangusko</strong></span> <span class='ocrx_word' id='word_1_147' title='bbox 822 1137 831 1155; x_wconf 87' lang='grc'>,</span> <span class='ocrx_word' id='word_1_148' title='bbox 853 1115 916 1157; x_wconf 86' lang='lat' dir='ltr'><strong>qui</strong></span> <span class='ocrx_word' id='word_1_149' title='bbox 935 1109 1028 1144; x_wconf 89' lang='lat' dir='ltr'><strong>illud</strong></span> <span class='ocrx_word' id='word_1_150' title='bbox 1048 1109 1175 1144; x_wconf 74' lang='lat' dir='ltr'><strong>habuit</strong></span> <span class='ocrx_word' id='word_1_151' title='bbox 1194 1122 1215 1144; x_wconf 92' lang='lat' dir='ltr'>a</span> <span class='ocrx_word' id='word_1_152' title='bbox 1233 1116 1370 1144; x_wconf 86' lang='lat' dir='ltr'><strong>comite</strong></span> <span class='ocrx_word' id='word_1_153' title='bbox 1389 1110 1435 1145; x_wconf 83' lang='lat' dir='ltr'><strong>de</strong></span> <span class='ocrx_word' id='word_1_154' title='bbox 1450 1112 1523 1146; x_wconf 83' lang='lat' dir='ltr'><strong>Pac</strong></span> <span class='ocrx_word' id='word_1_155' title='bbox 1544 1114 1643 1158; x_wconf 77' lang='lat'><strong><em>1785.</em></strong></span> 
     </span>
    </p>

    <p class='ocr_par' dir='ltr' id='par_1_9' title="bbox 154 1165 1766 1329">
     <span class='ocr_line' id='line_1_20' title="bbox 227 1165 1766 1215; baseline 0.002 -13"><span class='ocrx_word' id='word_1_156' title='bbox 227 1168 266 1202; x_wconf 91' lang='lat' dir='ltr'><strong>Si</strong></span> <span class='ocrx_word' id='word_1_157' title='bbox 285 1180 409 1202; x_wconf 88' lang='lat' dir='ltr'><strong>verum</strong></span> <span class='ocrx_word' id='word_1_158' title='bbox 437 1177 511 1212; x_wconf 83' lang='lat' dir='ltr'><strong>est,</strong></span> <span class='ocrx_word' id='word_1_159' title='bbox 535 1167 639 1215; x_wconf 89' lang='lat' dir='ltr'><strong>quod</strong></span> <span class='ocrx_word' id='word_1_160' title='bbox 664 1166 849 1202; x_wconf 83' lang='lat' dir='ltr'><strong>Gesnerus</strong></span> <span class='ocrx_word' id='word_1_161' title='bbox 872 1165 981 1201; x_wconf 83' lang='lat' dir='ltr'><strong>refert</strong></span> <span class='ocrx_word' id='word_1_162' title='bbox 1001 1193 1010 1211; x_wconf 84' lang='lat'>,</span> <span class='ocrx_word' id='word_1_163' title='bbox 1039 1171 1211 1200; x_wconf 78' lang='lat' dir='ltr'><strong>cai-assios</strong></span> <span class='ocrx_word' id='word_1_164' title='bbox 1238 1165 1362 1214; x_wconf 82' lang='lat' dir='ltr'><strong>fugare</strong></span> <span class='ocrx_word' id='word_1_165' title='bbox 1394 1173 1609 1215; x_wconf 79' lang='lat' dir='ltr'><strong>carpiones‚</strong></span> <span class='ocrx_word' id='word_1_166' title='bbox 1633 1169 1766 1208; x_wconf 79' lang='lat' dir='ltr'><strong>falsum</strong></span> 
     </span>
     <span class='ocr_line' id='line_1_21' title="bbox 154 1222 1765 1276; baseline 0.002 -16"><span class='ocrx_word' id='word_1_167' title='bbox 154 1230 222 1260; x_wconf 90' lang='lat' dir='ltr'><strong>erit</strong></span> <span class='ocrx_word' id='word_1_168' title='bbox 240 1224 343 1272; x_wconf 88' lang='lat' dir='ltr'><strong>quod</strong></span> <span class='ocrx_word' id='word_1_169' title='bbox 362 1229 561 1272; x_wconf 83' lang='lat' dir='ltr'><strong>piscatores</strong></span> <span class='ocrx_word' id='word_1_170' title='bbox 580 1223 626 1259; x_wconf 92' lang='lat' dir='ltr'><strong>de</strong></span> <span class='ocrx_word' id='word_1_171' title='bbox 643 1228 890 1259; x_wconf 79' lang='lat' dir='ltr'><strong>semicarassio</strong></span> <span class='ocrx_word' id='word_1_172' title='bbox 906 1222 1064 1257; x_wconf 75' lang='lat' dir='ltr'><strong>Marsil.</strong></span> <span class='ocrx_word' id='word_1_173' title='bbox 1085 1223 1247 1259; x_wconf 77' lang='lat' dir='ltr'><em>Dmmb.</em></span> <span class='ocrx_word' id='word_1_174' title='bbox 1263 1224 1308 1258; x_wconf 90' lang='lat' dir='ltr'><strong>T.</strong></span> <span class='ocrx_word' id='word_1_175' title='bbox 1320 1224 1377 1259; x_wconf 85' lang='lat' dir='ltr'><strong>IV.</strong></span> <span class='ocrx_word' id='word_1_176' title='bbox 1398 1223 1470 1260; x_wconf 83' lang='lat' dir='ltr'><strong>tab.</strong></span> <span class='ocrx_word' id='word_1_177' title='bbox 1485 1225 1584 1262; x_wconf 81' lang='lat' dir='ltr'>XXI.</span> <span class='ocrx_word' id='word_1_178' title='bbox 1596 1227 1765 1276; x_wconf 76' lang='lat' dir='ltr'><strong>referunt,</strong></span> 
     </span>
     <span class='ocr_line' id='line_1_22' title="bbox 155 1279 1212 1329; baseline -0.003 -11"><span class='ocrx_word' id='word_1_179' title='bbox 155 1294 241 1318; x_wconf 86' lang='lat' dir='ltr'><strong>eum</strong></span> <span class='ocrx_word' id='word_1_180' title='bbox 260 1293 307 1316; x_wconf 81' lang='lat' dir='ltr'><strong>ex</strong></span> <span class='ocrx_word' id='word_1_181' title='bbox 325 1287 401 1317; x_wconf 86' lang='lat' dir='ltr'><strong>ovis</strong></span> <span class='ocrx_word' id='word_1_182' title='bbox 416 1286 599 1329; x_wconf 78' lang='lat' dir='ltr'><strong>carpionis</strong></span> <span class='ocrx_word' id='word_1_183' title='bbox 618 1280 713 1317; x_wconf 86' lang='lat' dir='ltr'><strong>lacte</strong></span> <span class='ocrx_word' id='word_1_184' title='bbox 731 1285 873 1316; x_wconf 83' lang='lat' dir='ltr'><strong>carassii</strong></span> <span class='ocrx_word' id='word_1_185' title='bbox 891 1279 1095 1314; x_wconf 78' lang='lat' dir='ltr'><strong>fecundatis</strong></span> <span class='ocrx_word' id='word_1_186' title='bbox 1117 1285 1212 1315; x_wconf 85' lang='lat' dir='ltr'><strong>oriri.</strong></span> 
     </span>
    </p>
   </div>
   <div class='ocr_carea' id='block_1_8' title="bbox 155 1389 1766 1613">
    <p class='ocr_par' dir='ltr' id='par_1_10' title="bbox 155 1389 1765 1498">
     <span class='ocr_line' id='line_1_23' title="bbox 228 1389 1765 1440; baseline 0.002 -12"><span class='ocrx_word' id='word_1_187' title='bbox 228 1395 407 1440; x_wconf 80' lang='lat' dir='ltr'><strong>Cyprinus</strong></span> <span class='ocrx_word' id='word_1_188' title='bbox 421 1392 463 1427; x_wconf 87' lang='lat' dir='ltr'><strong>V.</strong></span> <span class='ocrx_word' id='word_1_189' title='bbox 479 1393 537 1427; x_wconf 91' lang='lat' dir='ltr'><strong>VI.</strong></span> <span class='ocrx_word' id='word_1_190' title='bbox 549 1392 626 1426; x_wconf 89' lang='lat' dir='ltr'>VII.</span> <span class='ocrx_word' id='word_1_191' title='bbox 645 1391 776 1426; x_wconf 76' lang='lat' dir='ltr'><strong>Klein.</strong></span> <span class='ocrx_word' id='word_1_192' title='bbox 795 1390 875 1426; x_wconf 75' lang='lat' dir='ltr'><em>cab.</em></span> <span class='ocrx_word' id='word_1_193' title='bbox 891 1392 969 1425; x_wconf 87' lang='lat' dir='ltr'><strong>XI.</strong></span> <span class='ocrx_word' id='word_1_194' title='bbox 981 1390 1018 1437; x_wconf 91' lang='lat' dir='ltr'><em>f</em></span> <span class='ocrx_word' id='word_1_195' title='bbox 1034 1389 1064 1424; x_wconf 72' lang='grc' dir='ltr'><strong>ὃ.</strong></span> <span class='ocrx_word' id='word_1_196' title='bbox 1081 1396 1112 1431; x_wconf 65' lang='grc' dir='ltr'><strong>ιῑ.</strong></span> <span class='ocrx_word' id='word_1_197' title='bbox 1129 1390 1160 1425; x_wconf 84' lang='lat'><strong>5.</strong></span> <span class='ocrx_word' id='word_1_198' title='bbox 1179 1389 1227 1424; x_wconf 82' lang='lat' dir='ltr'><strong>ad</strong></span> <span class='ocrx_word' id='word_1_199' title='bbox 1246 1395 1414 1438; x_wconf 81' lang='lat' dir='ltr'><strong>cyprinos</strong></span> <span class='ocrx_word' id='word_1_200' title='bbox 1434 1391 1525 1427; x_wconf 88' lang='lat' dir='ltr'><strong>mihi</strong></span> <span class='ocrx_word' id='word_1_201' title='bbox 1545 1405 1623 1428; x_wconf 89' lang='lat' dir='ltr'><strong>non</strong></span> <span class='ocrx_word' id='word_1_202' title='bbox 1638 1395 1765 1431; x_wconf 83' lang='lat' dir='ltr'><strong>viden-</strong></span> 
     </span>
     <span class='ocr_line' id='line_1_24' title="bbox 155 1454 425 1498; baseline -0.011 -12"><span class='ocrx_word' id='word_1_203' title='bbox 155 1458 215 1486; x_wconf 87' lang='lat' dir='ltr'><strong>tur</strong></span> <span class='ocrx_word' id='word_1_204' title='bbox 233 1454 425 1498; x_wconf 85' lang='lat' dir='ltr'><strong>pertinere.</strong></span> 
     </span>
    </p>

    <p class='ocr_par' dir='ltr' id='par_1_11' title="bbox 155 1502 1766 1613">
     <span class='ocr_line' id='line_1_25' title="bbox 227 1502 1766 1558; baseline 0.003 -18"><span class='ocrx_word' id='word_1_205' title='bbox 227 1505 391 1541; x_wconf 88' lang='lat' dir='ltr'><strong>Prochili</strong></span> <span class='ocrx_word' id='word_1_206' title='bbox 416 1504 607 1539; x_wconf 82' lang='lat' dir='ltr'><strong>Kleiniani</strong></span> <span class='ocrx_word' id='word_1_207' title='bbox 631 1515 782 1548; x_wconf 86' lang='lat' dir='ltr'><strong>omnes,</strong></span> <span class='ocrx_word' id='word_1_208' title='bbox 809 1502 901 1538; x_wconf 84' lang='lat' dir='ltr'>Tab.</span> <span class='ocrx_word' id='word_1_209' title='bbox 923 1503 1003 1537; x_wconf 89' lang='lat' dir='ltr'>XII.</span> <span class='ocrx_word' id='word_1_210' title='bbox 1033 1514 1117 1537; x_wconf 89' lang='lat' dir='ltr'><strong>cum</strong></span> <span class='ocrx_word' id='word_1_211' title='bbox 1142 1507 1298 1551; x_wconf 87' lang='lat' dir='ltr'><strong>cyprinis</strong></span> <span class='ocrx_word' id='word_1_212' title='bbox 1328 1506 1502 1554; x_wconf 82' lang='lat' dir='ltr'><strong>conjungi</strong></span> <span class='ocrx_word' id='word_1_213' title='bbox 1530 1520 1766 1558; x_wconf 79' lang='lat' dir='ltr'><strong>nequaquam</strong></span> 
     </span>
     <span class='ocr_line' id='line_1_26' title="bbox 155 1558 1399 1613; baseline -0.002 -15"><span class='ocrx_word' id='word_1_214' title='bbox 155 1572 332 1613; x_wconf 83' lang='lat' dir='ltr'><strong>possunt,</strong></span> <span class='ocrx_word' id='word_1_215' title='bbox 351 1571 435 1597; x_wconf 79' lang='lat' dir='ltr'><strong>sunt</strong></span> <span class='ocrx_word' id='word_1_216' title='bbox 455 1566 555 1599; x_wconf 87' lang='lat' dir='ltr'><strong>enim</strong></span> <span class='ocrx_word' id='word_1_217' title='bbox 572 1560 792 1609; x_wconf 84' lang='lat' dir='ltr'><strong>plerumque</strong></span> <span class='ocrx_word' id='word_1_218' title='bbox 811 1558 1129 1608; x_wconf 78' lang='lat' dir='ltr'><strong>acanthopterygii</strong></span> <span class='ocrx_word' id='word_1_219' title='bbox 1152 1569 1189 1595; x_wconf 89' lang='lat' dir='ltr'><strong>et</strong></span> <span class='ocrx_word' id='word_1_220' title='bbox 1213 1559 1399 1596; x_wconf 82' lang='lat' dir='ltr'><strong>thoracici.</strong></span> 
     </span>
    </p>
   </div>
   <div class='ocr_carea' id='block_1_9' title="bbox 422 1659 1495 1705">
    <p class='ocr_par' dir='ltr' id='par_1_12' title="bbox 422 1659 1495 1705">
     <span class='ocr_line' id='line_1_27' title="bbox 422 1659 1495 1705; baseline 0.003 -3"><span class='ocrx_word' id='word_1_221' title='bbox 422 1659 832 1703; x_wconf 87' lang='lat' dir='ltr'>CYPRINUS</span> <span class='ocrx_word' id='word_1_222' title='bbox 882 1660 987 1702; x_wconf 90' lang='lat' dir='ltr'><strong>AN</strong></span> <span class='ocrx_word' id='word_1_223' title='bbox 1031 1659 1495 1705; x_wconf 79' lang='lat' dir='ltr'>PHOXINUS?</span> 
     </span>
    </p>
   </div>
   <div class='ocr_carea' id='block_1_10' title="bbox 156 1749 1766 2314">
    <p class='ocr_par' dir='ltr' id='par_1_13' title="bbox 156 1749 1766 1916">
     <span class='ocr_line' id='line_1_28' title="bbox 228 1749 1766 1799; baseline 0.003 -14"><span class='ocrx_word' id='word_1_224' title='bbox 228 1752 462 1785; x_wconf 77' lang='lat' dir='ltr'>LONGITUDO</span> <span class='ocrx_word' id='word_1_225' title='bbox 487 1762 508 1784; x_wconf 87' lang='lat' dir='ltr'>a</span> <span class='ocrx_word' id='word_1_226' title='bbox 532 1749 688 1785; x_wconf 79' lang='lat' dir='ltr'><strong>divisura</strong></span> <span class='ocrx_word' id='word_1_227' title='bbox 711 1749 850 1784; x_wconf 50' lang='lat' dir='ltr'><strong>caudae</strong></span> <span class='ocrx_word' id='word_1_228' title='bbox 872 1749 919 1784; x_wconf 82' lang='lat' dir='ltr'><strong>ad</strong></span> <span class='ocrx_word' id='word_1_229' title='bbox 940 1762 979 1784; x_wconf 88' lang='grc'><strong>05</strong></span> <span class='ocrx_word' id='word_1_230' title='bbox 999 1750 1156 1784; x_wconf 80' lang='lat' dir='ltr'><strong>duorum</strong></span> <span class='ocrx_word' id='word_1_231' title='bbox 1176 1749 1356 1797; x_wconf 83' lang='lat' dir='ltr'><strong>pollicum</strong></span> <span class='ocrx_word' id='word_1_232' title='bbox 1378 1764 1461 1786; x_wconf 88' lang='lat' dir='ltr'><strong>cum</strong></span> <span class='ocrx_word' id='word_1_233' title='bbox 1481 1751 1655 1799; x_wconf 71' lang='lat' dir='ltr'><strong>dimidio,</strong></span> <span class='ocrx_word' id='word_1_234' title='bbox 1683 1755 1766 1792; x_wconf 81' lang='lat' dir='ltr'><strong>Iati-</strong></span> 
     </span>
     <span class='ocr_line' id='line_1_29' title="bbox 156 1806 1765 1855; baseline 0.002 -12"><span class='ocrx_word' id='word_1_235' title='bbox 156 1807 247 1844; x_wconf 85' lang='lat' dir='ltr'><strong>tudo</strong></span> <span class='ocrx_word' id='word_1_236' title='bbox 269 1808 432 1855; x_wconf 83' lang='lat' dir='ltr'><strong>quinque</strong></span> <span class='ocrx_word' id='word_1_237' title='bbox 454 1806 635 1841; x_wconf 79' lang='lat' dir='ltr'><strong>linearum</strong></span> <span class='ocrx_word' id='word_1_238' title='bbox 663 1819 748 1841; x_wconf 89' lang='lat' dir='ltr'><strong>cum</strong></span> <span class='ocrx_word' id='word_1_239' title='bbox 770 1806 931 1842; x_wconf 82' lang='lat' dir='ltr'><strong>dimidia.</strong></span> <span class='ocrx_word' id='word_1_240' title='bbox 960 1809 1084 1841; x_wconf 69' lang='lat' dir='ltr'><strong>Facies</strong></span> <span class='ocrx_word' id='word_1_241' title='bbox 1112 1806 1186 1841; x_wconf 86' lang='lat' dir='ltr'><strong>fere</strong></span> <span class='ocrx_word' id='word_1_242' title='bbox 1210 1806 1340 1842; x_wconf 82' lang='lat' dir='ltr'><strong>cobitis</strong></span> <span class='ocrx_word' id='word_1_243' title='bbox 1369 1814 1530 1853; x_wconf 77' lang='lat' dir='ltr'><strong>taeniae,</strong></span> <span class='ocrx_word' id='word_1_244' title='bbox 1557 1810 1621 1845; x_wconf 84' lang='lat' dir='ltr'><strong>sed</strong></span> <span class='ocrx_word' id='word_1_245' title='bbox 1646 1817 1765 1847; x_wconf 85' lang='lat' dir='ltr'><strong>minus</strong></span> 
     </span>
     <span class='ocr_line' id='line_1_30' title="bbox 156 1863 1765 1916; baseline 0.004 -17"><span class='ocrx_word' id='word_1_246' title='bbox 156 1864 311 1914; x_wconf 78' lang='lat' dir='ltr'><strong>gracilis,</strong></span> <span class='ocrx_word' id='word_1_247' title='bbox 338 1867 479 1912; x_wconf 80' lang='lat' dir='ltr'><strong>Corpus</strong></span> <span class='ocrx_word' id='word_1_248' title='bbox 499 1863 628 1898; x_wconf 85' lang='lat' dir='ltr'><strong>itidem</strong></span> <span class='ocrx_word' id='word_1_249' title='bbox 648 1874 688 1899; x_wconf 90' lang='lat' dir='ltr'><strong>ut</strong></span> <span class='ocrx_word' id='word_1_250' title='bbox 707 1863 771 1899; x_wconf 85' lang='grc'>1113</span> <span class='ocrx_word' id='word_1_251' title='bbox 790 1864 895 1900; x_wconf 85' lang='lat' dir='ltr'><strong>viridi</strong></span> <span class='ocrx_word' id='word_1_252' title='bbox 909 1870 1089 1912; x_wconf 77' lang='lat' dir='ltr'><strong>nigroque</strong></span> <span class='ocrx_word' id='word_1_253' title='bbox 1110 1870 1259 1912; x_wconf 87' lang='lat' dir='ltr'><strong>pictum.</strong></span> <span class='ocrx_word' id='word_1_254' title='bbox 1287 1865 1329 1899; x_wconf 87' lang='lat' dir='ltr'><strong>In</strong></span> <span class='ocrx_word' id='word_1_255' title='bbox 1342 1865 1432 1900; x_wconf 87' lang='lat' dir='ltr'><strong>iride</strong></span> <span class='ocrx_word' id='word_1_256' title='bbox 1451 1866 1544 1902; x_wconf 83' lang='lat' dir='ltr'><strong>nihil</strong></span> <span class='ocrx_word' id='word_1_257' title='bbox 1563 1869 1765 1916; x_wconf 70' lang='lat' dir='ltr'><strong>peculiaris.</strong></span> 
     </span>
    </p>

    <p class='ocr_par' dir='ltr' id='par_1_14' title="bbox 229 1920 1081 1969">
     <span class='ocr_line' id='line_1_31' title="bbox 229 1920 1081 1969; baseline -0.001 -13"><span class='ocrx_word' id='word_1_258' title='bbox 229 1922 340 1956; x_wconf 76' lang='lat' dir='ltr'><strong>Dors.</strong></span> <span class='ocrx_word' id='word_1_259' title='bbox 358 1934 390 1967; x_wconf 88' lang='lat'><strong>7.</strong></span> <span class='ocrx_word' id='word_1_260' title='bbox 418 1926 547 1969; x_wconf 79' lang='lat' dir='ltr'><strong>incipit</strong></span> <span class='ocrx_word' id='word_1_261' title='bbox 570 1920 760 1969; x_wconf 84' lang='lat' dir='ltr'><strong>aliquanto</strong></span> <span class='ocrx_word' id='word_1_262' title='bbox 787 1931 871 1969; x_wconf 86' lang='lat' dir='ltr'><strong>post</strong></span> <span class='ocrx_word' id='word_1_263' title='bbox 889 1920 1081 1956; x_wconf 71' lang='lat' dir='ltr'><strong>ventrales.</strong></span> 
     </span>
    </p>

    <p class='ocr_par' dir='ltr' id='par_1_15' title="bbox 228 1977 1306 2023">
     <span class='ocr_line' id='line_1_32' title="bbox 228 1977 1306 2023; baseline 0.001 -10"><span class='ocrx_word' id='word_1_264' title='bbox 228 1979 328 2013; x_wconf 85' lang='lat' dir='ltr'><strong>Pect.</strong></span> <span class='ocrx_word' id='word_1_265' title='bbox 354 1992 405 2013; x_wconf 81' lang='grc'><strong>10.</strong></span> <span class='ocrx_word' id='word_1_266' title='bbox 427 1977 617 2012; x_wconf 78' lang='lat' dir='ltr'><strong>distinctae</strong></span> <span class='ocrx_word' id='word_1_267' title='bbox 638 1988 898 2023; x_wconf 81' lang='lat' dir='ltr'><strong>numerantur,</strong></span> <span class='ocrx_word' id='word_1_268' title='bbox 918 1988 996 2012; x_wconf 89' lang='lat' dir='ltr'><strong>tum</strong></span> <span class='ocrx_word' id='word_1_269' title='bbox 1013 1978 1106 2020; x_wconf 74' lang='lat'>4-—5</span> <span class='ocrx_word' id='word_1_270' title='bbox 1122 1977 1306 2014; x_wconf 78' lang='lat' dir='ltr'><strong>confusae.</strong></span> 
     </span>
    </p>

    <p class='ocr_par' dir='ltr' id='par_1_16' title="bbox 229 2034 1327 2082">
     <span class='ocr_line' id='line_1_33' title="bbox 229 2034 1327 2082; baseline 0.002 -14"><span class='ocrx_word' id='word_1_271' title='bbox 229 2036 353 2069; x_wconf 81' lang='lat' dir='ltr'><strong>Ventr.</strong></span> <span class='ocrx_word' id='word_1_272' title='bbox 374 2049 404 2081; x_wconf 86' lang='lat'><strong>7.</strong></span> <span class='ocrx_word' id='word_1_273' title='bbox 425 2045 488 2069; x_wconf 82' lang='lat' dir='ltr'><strong>aut</strong></span> <span class='ocrx_word' id='word_1_274' title='bbox 509 2034 602 2070; x_wconf 81' lang='lat' dir='ltr'><strong>sortc</strong></span> <span class='ocrx_word' id='word_1_275' title='bbox 617 2047 649 2082; x_wconf 68' lang='grc'><strong>9.</strong></span> <span class='ocrx_word' id='word_1_276' title='bbox 677 2034 786 2070; x_wconf 82' lang='grc' dir='ltr'>Α1131.</span> <span class='ocrx_word' id='word_1_277' title='bbox 805 2038 837 2070; x_wconf 75' lang='grc' dir='ltr'><strong>ὃ.</strong></span> <span class='ocrx_word' id='word_1_278' title='bbox 859 2035 973 2070; x_wconf 80' lang='lat' dir='ltr'><strong>Caud.</strong></span> <span class='ocrx_word' id='word_1_279' title='bbox 989 2048 1044 2069; x_wconf 75' lang='lat'><strong>20.</strong></span> <span class='ocrx_word' id='word_1_280' title='bbox 1068 2035 1180 2070; x_wconf 78' lang='lat' dir='ltr'><strong>bifida</strong></span> <span class='ocrx_word' id='word_1_281' title='bbox 1200 2035 1327 2070; x_wconf 74' lang='lat' dir='ltr'><strong>cauda.</strong></span> 
     </span>
    </p>

    <p class='ocr_par' dir='ltr' id='par_1_17' title="bbox 158 2091 1765 2240">
     <span class='ocr_line' id='line_1_34' title="bbox 229 2091 1765 2140; baseline 0.003 -14"><span class='ocrx_word' id='word_1_282' title='bbox 229 2091 386 2126; x_wconf 75' lang='lat' dir='ltr'><strong>Maxilla</strong></span> <span class='ocrx_word' id='word_1_283' title='bbox 406 2091 576 2135; x_wconf 71' lang='lat' dir='ltr'><strong>inferior,</strong></span> <span class='ocrx_word' id='word_1_284' title='bbox 604 2091 697 2126; x_wconf 66' lang='lat' dir='ltr'><strong>basis</strong></span> <span class='ocrx_word' id='word_1_285' title='bbox 724 2097 918 2140; x_wconf 82' lang='lat' dir='ltr'><strong>pinnarum</strong></span> <span class='ocrx_word' id='word_1_286' title='bbox 943 2091 1206 2139; x_wconf 78' lang='lat' dir='ltr'><strong>pectoralium‚</strong></span> <span class='ocrx_word' id='word_1_287' title='bbox 1231 2091 1470 2139; x_wconf 73' lang='lat' dir='ltr'><strong>ventralium‚</strong></span> <span class='ocrx_word' id='word_1_288' title='bbox 1496 2094 1632 2139; x_wconf 85' lang='grc'>3113115,</span> <span class='ocrx_word' id='word_1_289' title='bbox 1654 2105 1689 2130; x_wconf 74' lang='lat' dir='ltr'><strong>et</strong></span> <span class='ocrx_word' id='word_1_290' title='bbox 1708 2100 1765 2131; x_wconf 89' lang='lat' dir='ltr'><strong>in-</strong></span> 
     </span>
     <span class='ocr_line' id='line_1_35' title="bbox 158 2148 1765 2202; baseline 0.003 -19"><span class='ocrx_word' id='word_1_291' title='bbox 158 2153 351 2183; x_wconf 81' lang='lat' dir='ltr'><strong>terstitium</strong></span> <span class='ocrx_word' id='word_1_292' title='bbox 371 2154 466 2184; x_wconf 82' lang='lat' dir='ltr'><strong>inter</strong></span> <span class='ocrx_word' id='word_1_293' title='bbox 483 2148 629 2184; x_wconf 79' lang='lat' dir='ltr'><strong>analem</strong></span> <span class='ocrx_word' id='word_1_294' title='bbox 648 2158 684 2184; x_wconf 87' lang='lat' dir='ltr'><strong>et</strong></span> <span class='ocrx_word' id='word_1_295' title='bbox 699 2148 893 2185; x_wconf 74' lang='lat' dir='ltr'><strong>caudaiem</strong></span> <span class='ocrx_word' id='word_1_296' title='bbox 913 2158 1168 2197; x_wconf 77' lang='lat' dir='ltr'><strong>postmortem</strong></span> <span class='ocrx_word' id='word_1_297' title='bbox 1187 2154 1226 2184; x_wconf 89' lang='grc'><strong>111</strong></span> <span class='ocrx_word' id='word_1_298' title='bbox 1245 2155 1380 2186; x_wconf 81' lang='lat' dir='ltr'><strong>siccato</strong></span> <span class='ocrx_word' id='word_1_299' title='bbox 1397 2151 1596 2200; x_wconf 76' lang='lat' dir='ltr'><strong>exemplari</strong></span> <span class='ocrx_word' id='word_1_300' title='bbox 1611 2152 1765 2202; x_wconf 84' lang='lat' dir='ltr'><strong>pulchre</strong></span> 
     </span>
     <span class='ocr_line' id='line_1_36' title="bbox 158 2204 301 2240; baseline 0.007 -1"><span class='ocrx_word' id='word_1_301' title='bbox 158 2204 301 2240; x_wconf 82' lang='lat' dir='ltr'><strong>rubent.</strong></span> 
     </span>
    </p>

    <p class='ocr_par' dir='ltr' id='par_1_18' title="bbox 1450 2266 1527 2314">
     <span class='ocr_line' id='line_1_37' title="bbox 1450 2266 1527 2314; baseline 0.039 -3"><span class='ocrx_word' id='word_1_302' title='bbox 1450 2266 1485 2311; x_wconf 76' lang='lat' dir='ltr'><strong>Q</strong></span> <span class='ocrx_word' id='word_1_303' title='bbox 1502 2277 1527 2314; x_wconf 70' lang='lat' dir='ltr'><strong>q</strong></span> 
     </span>
    </p>
   </div>
  </div>
 </body>
</html>
