2054 2748
261 142 336 170 102
614 134 1098 168 OBSERVATIONES
1133 135 1497 167 ZOOLOGICAE.

251 232 375 274 ginem
413 229 636 260 anteriorem
668 223 774 258 lineis
802 221 970 258 tenuibus
1001 220 1171 270 obliquis
1207 220 1454 257 secundariae
1492 227 1659 271 margine
1695 228 1870 261 interiore

252 283 370 319 fasciis
384 282 476 318 albis
490 280 770 330 angustioribus.
804 280 997 314 Teccrices
1013 278 1236 316 unicolores.

324 341 521 375 Reccrzoes
542 345 646 388 apice
669 337 797 380 albat-23
833 334 951 371 fasciis
976 335 1140 371 subsenis
1166 349 1269 371 more
1294 342 1486 385 remigum.
1519 338 1711 374 Tecmces
1731 339 1872 375 caudae

251 403 455 447 superiores
482 397 529 432 ad
553 400 757 443 marginem
784 398 998 428 interiorem
1021 406 1141 429 versus
1167 393 1270 430 basin
1297 395 1486 440 lasciatae;
1513 395 1703 431 inferiores
1726 403 1865 433 niveae.

326 454 460 490 Subtus
485 468 505 489 a
532 453 616 501 gula
641 463 756 500 usque
785 451 833 486 ad
865 456 1029 486 tectrices
1059 451 1232 488 candales
1262 458 1495 488 transversim
1524 452 1701 488 fasciatus.
1736 455 1870 489 Fasciis

252 523 410 563 quatuor
429 518 467 547 in
484 510 633 557 singulis
652 513 795 557 pennis.
823 510 981 544 Braccae
998 509 1174 545 similiter.

326 571 451 605 Pedes
471 566 1016 611 sordido-Havicante-cinerei;
1046 566 1194 615 (pulcre
1214 566 1326 602 flavos
1350 578 1427 602 esse
1446 572 1485 602 in
1507 574 1648 604 recenti
1670 567 1869 615 asseritur.)

257 625 402 663 Tarsus
421 624 654 672 longitudine
677 623 780 672 digiti
805 624 919 660 medii
941 630 1020 659 sine
1039 637 1172 672 ungue.
1207 625 1371 673 Ungues
1391 630 1493 673 nigri.

301 686 450 720 Occisus
468 682 516 718 ad
542 681 732 717 Tabernas
763 681 969 728 Alsaticas,
1003 682 1207 718 Decembri
1233 683 1332 730 1783.
1359 684 1496 717 Rarum
1526 694 1627 728 esse,
1662 695 1733 718 nec
1763 692 1871 718 antea

251 747 366 778 visum
379 769 387 785 ,
416 740 508 776 dixit
532 741 581 776 D.
599 753 620 775 a
640 739 908 785 Mullenheim,
927 745 991 789 qui
1010 752 1116 776 avem
1134 740 1183 775 ad
1201 739 1484 775 describendum
1500 746 1797 775 communicavit.

325 798 432 834 Alius
450 799 574 834 Martii
588 803 693 833 initio
719 799 819 846 ¹73⁴·
843 803 985 833 occisus
1005 808 1041 834 et
1061 810 1163 833 meus
1182 797 1315 843 factus,
1342 797 1455 846 paulo
1475 799 1593 844 major
1609 807 1672 832 est.
1701 799 1798 832 Huic
1812 802 1872 832 iris

251 856 370 893 vivide
391 861 520 891 citrina
537 884 545 901 ,
573 861 731 904 tarsique
746 861 890 905 pariter.
918 855 1179 904 Magnitudine
1198 854 1402 890 buteonem
1420 854 1493 889 fere
1514 864 1671 903 superat.
1698 855 1874 889 Rostrum

251 913 517 950 coerulescens.
543 913 660 948 Paulo
684 924 768 962 post
786 926 863 949 mas
881 918 1005 948 minor
1023 925 1127 948 meus
1142 918 1255 947 etiam
1272 911 1387 947 factus
1403 921 1465 947 est.

294 1019 299 1020 ⁷
324 971 519 1006 Audacem
544 983 644 1016 esse,
676 971 726 1005 D.
753 984 774 1005 a
795 970 1019 1005 Razenried
1045 970 1136 1004 mihi
1164 975 1325 1004 asseruit.
1353 969 1553 1004 Crederem
1585 980 1661 1004 esse
1686 967 1875 1003 falconem

252 1027 429 1077 gentilem
444 1056 452 1072 ,
479 1033 549 1063 nisi
562 1037 656 1063 esset
675 1027 946 1075 brachypterus.
1049 1019 1060 1028 ⁸

667 1144 933 1188 FALCO
979 1143 1452 1188 MORPHNOS.

325 1255 500 1290 Pedibus
519 1255 716 1303 plzcmosis
732 1282 744 1297 ,
773 1254 1020 1298 maculatis,
1046 1255 1186 1302 digitis
1217 1254 1306 1290 basi
1331 1256 1560 1303 squamatis
1573 1281 1585 1297 ,
1622 1255 1756 1289 amice
1786 1265 1873 1289 sczc-

252 1316 375 1356 tatls,
403 1313 481 1348 alis
503 1312 661 1347 caudae
682 1312 962 1360 longitudine,
990 1311 1216 1347 rectricibus
1233 1312 1458 1359 fizsciads,
1487 1310 1575 1346 basi
1602 1310 1733 1353 albis,
1760 1313 1874 1346 remi-

250 1383 350 1418 gmn
371 1369 457 1403 basi
474 1373 657 1415 margine
677 1371 862 1403 interiore
877 1368 984 1401 alba.

324 1428 447 1462 Prima
466 1431 546 1460 vice
564 1424 654 1459 mihi
674 1429 769 1459 visus
792 1433 829 1458 et
847 1422 980 1458 allatus
1000 1421 1034 1457 d.
1063 1434 1114 1457 12.
1128 1422 1224 1457 Dec.
1249 1422 1348 1469 1788.
1369 1433 1506 1470 magno
1529 1421 1683 1469 frigore,
1710 1421 1874 1458 thermo-

252 1495 370 1520 metro
386 1492 436 1531 7.0
455 1481 548 1516 infra
572 1494 654 1515 zero
671 1508 678 1525 ,
707 1490 834 1528 captus
857 1490 955 1515 trans
975 1479 1148 1514 Rhenum
1167 1485 1206 1514 in
1223 1491 1306 1514 area
1325 1485 1533 1527 aucuparia.

328 1544 512 1575 Convenit
526 1551 612 1573 cum
627 1538 771 1586 aquila
789 1550 923 1587 parva
936 1537 1147 1584 Busfonii,
1164 1538 1195 1571 I.
1209 1549 1246 1584 p.
1261 1547 1318 1583 91.
1334 1536 1530 1570 Brissonii
1546 1536 1691 1583 aquila
1705 1539 1874 1580 naevia,

254 1600 362 1648 Spec.
378 1598 463 1640 4.T.
483 1599 508 1632 Ι.
528 1609 562 1644 p.
579 1596 659 1638 425.
681 1601 763 1644 quia
792 1605 833 1631 εί)
854 1605 908 1630 est
926 1594 1181 1642 magnitudine
1201 1593 1306 1641 galli,
1323 1592 1410 1628 licet
1424 1605 1503 1627 non
1523 1593 1688 1628 videatur
1708 1593 1755 1628 ab
1769 1600 1874 1641 apice

253 1661 361 1691 rostri
380 1654 426 1690 ad
442 1664 649 1689 extremum
667 1652 806 1688 caudae
826 1653 918 1688 duos
938 1652 1068 1700 pedes,
1087 1661 1228 1700 septem
1243 1650 1414 1700 pollices,
1434 1662 1571 1698 sexque
1591 1650 1706 1685 lineas
1726 1650 1874 1686 habere.

254 1715 334 1750 Nec
362 1718 489 1760 utique
517 1721 675 1746 rostrum
702 1710 794 1745 duos
817 1709 973 1758 pollices
994 1708 1151 1757 longum
1168 1719 1241 1752 est,
1267 1708 1332 1743 sed
1351 1714 1412 1744 vix
1426 1720 1551 1742 unum.
1579 1717 1626 1743 2.⁰
1655 1708 1751 1754 Quia
1770 1708 1876 1743 color

256 1771 374 1806 fuscus
393 1775 432 1804 in
452 1775 660 1805 universum
676 1773 849 1804 convenit
861 1796 870 1813 ‚
897 1777 933 1802 et
945 1766 1084 1802 caudae
1098 1765 1192 1801 basis
1212 1764 1306 1800 alba.
1325 1765 1373 1801 35³
1386 1766 1483 1812 Quia
1498 1778 1671 1813 squamae
1685 1771 1723 1799 in
1743 1775 1876 1801 exortu

256 1828 454 1876 digitorum
469 1855 477 1871 ,
497 1837 533 1862 et
554 1826 713 1862 tabellae
728 1838 848 1861 versus
867 1836 1007 1873 ungues
1020 1823 1269 1876 respondent;
1297 1833 1333 1858 et
1345 1835 1487 1871 ungues
1507 1827 1601 1870 nigri
1618 1828 1825 1857 acutissimi.

329 1884 401 1919 Sed
434 1883 575 1918 dissert:
615 1893 659 1918 1.⁰
687 1884 783 1930 Quia
807 1892 966 1917 rostrum
997 1886 1125 1928 utique
1152 1885 1301 1915 nonnisi
1327 1880 1497 1928 pollicari
1527 1890 1581 1914 est
1609 1880 1875 1927 magnitudine.

257 1951 304 1978 ΞΡ
331 1942 427 1988 Quia
449 1951 606 1976 rostrum
629 1947 751 1976 statim
767 1940 813 1976 ab
834 1944 938 1974 initio
961 1943 1177 1982 incurvum,
1204 1950 1253 1972 ne
1273 1937 1424 1986 quidem
1446 1936 1599 1985 aquilini
1621 1942 1763 1984 generis
1790 1937 1876 1972 cha-

256 2009 435 2034 racterem
452 1998 573 2033 habet.
603 1998 650 2033 δέ’
681 1999 778 2045 Quia
798 2002 968 2032 rectrices
987 2006 1064 2028 non
1077 2004 1161 2029 sunt
1176 1994 1300 2042 pedali
1313 1994 1555 2043 longitudine.
1576 2002 1625 2036 45²
1641 1995 1736 2040 Quia
1751 2003 1875 2041 guttur

256 2069 335 2091 non
355 2055 474 2099 albet,
501 2055 619 2090 multo
635 2061 754 2090 minus
774 2066 927 2102 magnus
942 2051 1047 2087 albus
1062 2062 1211 2100 torques
1225 2064 1251 2086 5.
1266 2052 1413 2087 macula
1427 2051 1511 2087 alba
1526 2057 1564 2086 in
1583 2060 1734 2100 pectore
1750 2051 1852 2086 adest
1863 2079 1873 2096 ,

256 2119 310 2148 uti
346 2112 536 2148 Buffonius
572 2125 652 2160 pag.
687 2126 743 2159 92.
781 2111 903 2147 habet.
941 2109 1046 2145 Conf.
1080 2109 1322 2155 Peyrousius
1356 2110 1459 2144 dans
1494 2109 1550 2143 les
1585 2109 1801 2143 Memoires
1827 2108 1876 2143 de

259 2169 512 2205 l'Acczde'mie
535 2169 583 2204 de
600 2169 752 2211 Suelle,
776 2171 920 2203 Anne'e
945 2169 1044 2214 1782.
1068 2167 1186 2201 Trc'm.
1209 2168 1264 2201 II.
1285 2176 1340 2201 n.0
1361 2179 1391 2201 2.
1419 2167 1466 2201 59
1497 2167 1593 2212 Quia
1612 2165 1679 2200 sub
1703 2165 1769 2200 alis
1794 2177 1874 2200 non

258 2227 392 2262 multas
411 2226 574 2263 maculas
598 2226 721 2263 ovales
737 2226 854 2261 offert.
874 2225 925 2262 (5.0
945 2225 1040 2271 Quia
1059 2229 1205 2273 proprie
1227 2236 1305 2259 non
1320 2223 1392 2259 dici
1411 2233 1532 2272 potest
1547 2250 1557 2270 ,
1575 2223 1713 2271 pedum
1732 2222 1875 2271 plumas
