2054 2748
251 160 330 203 158
613 166 1078 200 OBSERVATIONES
1122 166 1483 195 zOOLOGICAE.

244 266 327 306 post
347 267 469 292 aream
493 253 753 302 triangularem
775 258 958 287 cineream
987 255 1151 299 occipitis
1181 259 1277 285 retro
1305 255 1480 285 verticem
1511 248 1655 285 calvum
1684 261 1769 284 cum
1790 250 1854 286 illa

243 314 364 350 lateris
386 317 546 361 oppositi
564 312 820 357 conjungitur,
853 317 887 343 et
907 313 945 342 in
963 317 1066 356 parte
1087 313 1227 356 postica
1245 305 1336 341 colli
1359 306 1559 341 descendit.

317 378 394 415 Sub
414 378 482 413 hac
497 387 580 412 area
594 375 677 410 alba
699 379 823 408 omnia
838 383 922 408 sunt
939 372 1064 408 colore
1078 378 1224 408 cinereo
1245 377 1308 420 qui
1327 377 1462 406 sensim
1482 371 1523 406 fit
1542 377 1721 407 intensior
1739 384 1854 420 usque

244 444 282 473 in
300 436 464 472 medium
492 433 640 469 collum.
668 433 783 466 Linea
802 442 926 466 tamen
951 440 1004 465 est
1029 429 1194 465 albicans
1217 435 1314 464 intus
1338 429 1385 463 ad
1406 429 1480 463 duo
1509 427 1658 464 brachia
1682 428 1855 463 maxillae

243 494 431 529 inferioris.

317 551 456 585 Totum
476 558 614 594 corpus
634 551 845 590 cinereum,
870 543 1005 592 plumis
1020 547 1144 578 niveis.
1173 541 1311 591 Scapus
1333 554 1539 601 pennarum
1558 541 1724 590 simpleX.

315 618 498 662 Remiges
519 611 717 647 duodecim
732 616 877 658 nigrae,
904 609 990 644 loco
1010 614 1073 657 qui
1087 608 1246 643 mediam
1268 620 1392 643 earum
1416 607 1688 655 longitudinem
1709 616 1856 655 superat

244 685 281 710 et
300 674 376 709 basi
399 675 550 706 vicinior
574 678 644 713 est,
670 667 743 702 fere
763 677 849 702 ante
869 672 1011 715 apicem
1035 671 1228 700 tectricum
1256 671 1523 712 emarginatae,
1543 674 1584 699 ut
1610 664 1703 699 adeo
1730 670 1769 698 in
1794 676 1859 698 ave

244 732 332 767 sarta
356 735 415 764 vix
432 727 505 762 hoc
532 725 715 760 observari
740 730 864 773 possit.
892 725 1034 759 Remex
1056 722 1217 758 secunda
1247 722 1396 770 reliquls
1420 721 1578 769 longior.
1607 721 1716 756 Sexta
1738 721 1856 756 subito

244 789 356 825 tribus
376 785 448 820 fere
473 783 670 833 pollicibus
693 782 847 817 brevior.

314 845 505 879 Teon-icas
520 847 695 875 cinereae.
724 840 918 885 Remigum
936 842 1160 872 anteriorum
1176 847 1328 884 parvum
1343 840 1500 883 spatium
1513 844 1749 882 occupantes,
1763 833 1860 869 alula

243 908 363 951 spuria
384 906 483 947 nigra
499 908 657 946 quatuor
676 908 880 945 pennarum
894 901 1136 929 semitectum.
1159 894 1354 939 Remigum
1373 896 1617 940 posteriorum
1637 901 1761 926 autem
1781 902 1860 925 am-

244 959 471 1008 plissimum,
516 960 606 989 serie
639 953 872 1001 quadruplici
900 956 1094 986 tectricum
1125 955 1311 983 minorum
1343 948 1554 995 regulariter
1591 948 1859 996 dispositarum.

246 1017 386 1062 Quinta
418 1017 507 1047 serie
532 1009 655 1045 infima
686 1021 732 1042 ex
760 1013 890 1057 pennis
919 1006 1039 1041 multo
1068 1005 1297 1052 longioribus
1324 1010 1459 1038 sensim
1486 1004 1795 1048 increscentibus,
1823 1013 1863 1039 ut

245 1072 396 1108 tandem
415 1075 508 1117 ipsus
522 1073 675 1113 remiges
690 1065 923 1112 longitudine
941 1072 1123 1110 superent.
1153 1061 1296 1096 Sensim
1316 1067 1425 1096 etiam
1440 1060 1590 1095 obtusus
1610 1072 1705 1108 apex
1725 1066 1863 1094 acumi-

245 1138 371 1170 natur,
400 1137 473 1174 quo
490 1128 603 1170 magis
616 1122 707 1156 fiunt
726 1125 963 1169 posteriores:
984 1124 1148 1167 quinque
1163 1128 1432 1165 postremarum
1447 1117 1540 1151 duae
1560 1122 1698 1164 priores
1718 1117 1861 1152 duobus

245 1182 443 1234 pollicibus
460 1178 721 1229 praecedentes
744 1185 941 1225 superant,
968 1174 1130 1210 secunda
1149 1173 1320 1208 omnibus
1342 1184 1396 1208 est
1418 1173 1590 1221 longior3
1617 1183 1761 1208 ceterae
1780 1186 1862 1208 sen-

243 1248 311 1278 sim
331 1243 531 1288 posteriora
550 1247 671 1271 versus
691 1234 919 1269 decrescunt.
935 1232 1075 1266 Omnes
1090 1230 1161 1266 hae
1182 1236 1365 1279 quinque,
1381 1240 1416 1265 et
1434 1236 1630 1278 praecipue
1650 1240 1859 1278 postremae

247 1302 348 1347 quasi
378 1295 540 1337 lacerae,
567 1302 607 1327 ut
638 1291 728 1326 dicit
754 1291 961 1333 Linnaeus,
986 1288 1025 1322 id
1044 1297 1098 1322 est
1118 1286 1240 1322 barbis
1269 1286 1568 1336 separatioribus,
1595 1293 1866 1335 recurvatisque

249 1355 316 1401 (de
345 1364 418 1399 quo
448 1348 621 1396 singulari
646 1347 855 1382 charactere
883 1357 1029 1393 prorsus
1053 1354 1149 1380 tacet
1169 1344 1390 1390 Brissonius)
1421 1350 1586 1379 eminent
1612 1356 1720 1392 super
1747 1350 1867 1392 ipsum

248 1415 390 1459 apicem
409 1411 590 1452 remigum
609 1407 871 1451 primariamm.

322 1474 509 1509 Tectrices
534 1467 722 1504 inferiores
744 1472 937 1510 cinereae,
965 1464 1012 1500 ad
1041 1469 1245 1511 marginem
1273 1468 1364 1498 serie
1389 1463 1527 1512 duplici
1549 1479 1556 1507 ;
1582 1466 1684 1511 juxta
1705 1465 1866 1514 longitu-

252 1534 378 1569 dinem
406 1533 493 1564 ossis
518 1525 661 1560 humeri
685 1529 792 1558 series
816 1522 930 1566 duae,
958 1534 977 1556 a
1004 1521 1128 1556 medio
1154 1533 1268 1569 usque
1294 1520 1341 1555 ad
1368 1525 1568 1568 posteriora
1597 1531 1693 1567 tres,
1720 1531 1755 1557 et
1787 1533 1867 1558 tum

253 1598 381 1639 quarta
403 1591 509 1620 series
527 1593 732 1632 pennarum
752 1578 862 1627 triplo
887 1578 1109 1626 longiorum.

326 1650 542 1688 Sufflaalczres
561 1657 645 1683 octo
658 1675 667 1692 ,
693 1655 834 1689 rectae,
854 1650 970 1693 prima
988 1642 1220 1691 longitudine
1239 1641 1421 1691 pollicum
1439 1653 1584 1678 novem.
1612 1641 1866 1690 Scapularium

254 1723 372 1748 massa
394 1712 567 1755 insigniS,
594 1703 782 1739 ordinibus
814 1701 998 1750 pluribus,
1025 1699 1159 1735 infimis
1179 1698 1516 1748 octopoliicaribus.
1545 1698 1606 1734 Ad
1629 1705 1868 1736 insertionem

257 1769 336 1805 alae
357 1764 580 1814 supraalares
595 1771 735 1806 rectae,
761 1759 834 1794 fere
853 1764 906 1794 uti
927 1757 1110 1793 subalares
1131 1757 1197 1792 sed
1213 1769 1290 1791 non
1306 1761 1412 1791 unius
1428 1755 1575 1791 ordinis.

328 1832 482 1869 Plumae
501 1829 678 1864 sarinosae
696 1833 735 1861 iu
749 1836 899 1874 pectore
923 1834 958 1859 et
978 1829 1086 1859 crisso
1111 1822 1258 1868 nullae,
1285 1822 1412 1871 quales
1431 1828 1470 1856 in
1491 1821 1616 1856 ardeis.
1644 1821 1717 1857 Sed
1735 1821 1809 1858 fere
1827 1828 1867 1859 in

258 1890 327 1926 iliis
342 1917 351 1935 ,
375 1894 497 1923 minus
515 1896 637 1921 tamen
660 1884 862 1919 distinctae.

330 1956 500 1990 Femora
523 1950 642 1987 valida
671 1947 899 1990 musculosa;
925 1958 1002 1981 non
1024 1945 1223 1980 macilenta
1246 1955 1286 1981 ut
1313 1950 1351 1980 in
1375 1944 1502 1980 ardeis.
1532 1943 1699 1991 (Tibiae
1722 1950 1869 1993 proprie

260 2008 545 2059 intelliguntur.)
575 2008 691 2055 Supra
718 2003 931 2054 geniculum
958 2007 1118 2050 squamis
1143 2001 1250 2036 fuscis
1274 2001 1412 2045 obsita,
1442 2000 1614 2035 ordinum
1635 2000 1709 2035 fere
1731 2006 1770 2034 in
1790 2013 1868 2040 am-

260 2069 341 2104 bitu
360 2067 529 2103 sedecim.
558 2064 672 2112 Supra
693 2073 729 2098 et
746 2062 837 2097 infra
857 2058 1068 2108 geniculum
1090 2070 1264 2107 squamae
1287 2068 1371 2094 sunt
1394 2058 1505 2106 longe
1525 2064 1695 2092 minores.

341 2134 455 2168 Tarsi
477 2135 616 2166 scutati.
648 2130 811 2176 Digitus
836 2131 992 2161 extimus
1020 2134 1163 2159 tantum
1186 2123 1399 2157 membrana
1430 2124 1658 2168 conjunctus.
1686 2123 1871 2157 Posterior

263 2192 379 2225 brevis
407 2200 542 2224 novem
568 2186 767 2230 linearum,
794 2194 856 2219 aut
876 2189 903 2218 si
925 2195 971 2217 ex
993 2180 1129 2229 angulo
1153 2180 1200 2215 ad
1218 2185 1443 2228 superiorem
1464 2184 1668 2226 marginem
1690 2191 1809 2214 sumas
1834 2189 1870 2214 et

266 2247 461 2291 extendas,
489 2250 600 2281 etiam
627 2242 810 2279 undecim.
859 2240 1021 2287 Ungues
1043 2244 1163 2275 minus
1186 2237 1290 2286 longi
1314 2249 1425 2285 quam
1453 2242 1492 2271 in
1523 2237 1661 2283 aldeis,
1691 2236 1756 2272 sed
1787 2236 1869 2272 lon-
