2054 2748
720 160 1170 189 AMPHIBIA.
1671 153 1748 198 251

142 260 229 284 nam
265 252 381 282 onisci
408 249 608 281 maximam
638 254 780 293 partem
811 255 1042 281 evanuerant.
1087 245 1136 280 D.
1163 246 1220 281 28.
1246 244 1352 281 Febr.
1386 257 1530 293 prorsus
1569 249 1754 288 defossum

143 312 295 354 reperio.

215 364 264 396 D.
280 361 312 397 6.
328 355 434 395 Mart.
454 369 605 409 apparet
618 365 657 395 in
676 359 885 408 superficie,
905 368 1003 394 totus
1018 359 1156 405 fuscus,
1174 360 1312 409 absque
1333 360 1506 406 maculis,
1524 364 1753 411 macilentus,

141 431 262 467 neque
283 428 319 453 et
340 424 487 452 oniseos
514 423 676 466 appetiit.
704 418 829 465 Atque
857 423 906 452 ita
934 431 1049 466 quum
1075 431 1189 466 usque
1211 425 1249 453 in
1276 432 1329 454 22.
1356 419 1471 467 April.
1500 421 1613 454 modo
1639 435 1754 457 emer-

142 475 286 524 gendo,
306 475 420 509 modo
441 487 570 522 parum
591 486 628 509 se
648 473 874 509 defodiendo
890 475 1059 520 jacuisset
1079 475 1295 520 abstemius,
1312 482 1347 511 in
1363 486 1525 511 mentem
1545 483 1676 513 iterum
1695 493 1754 514 vc-

142 539 198 566 nit
213 532 306 567 sorte
331 543 462 567 terram
491 536 598 565 nimis
619 543 694 565 esse
715 536 865 576 siccam,
891 541 927 566 et
946 531 993 565 ad
1013 531 1180 565 animalis
1204 538 1397 567 sanitatem
1420 532 1501 581 plus
1526 533 1753 571 humiditatis

143 595 288 637 requiri.
314 592 441 636 Itaque
458 588 656 636 plurimum
677 601 794 637 aquae
807 587 994 637 superfudi
1014 597 1150 631 terrae,
1170 598 1206 623 et
1227 601 1312 623 ecce
1332 602 1410 624 non
1428 589 1612 625 semihora
1634 591 1756 640 elapsa

142 657 220 681 erat
240 658 352 694 quum
374 658 492 679 rursus
511 645 692 680 accedens
713 646 962 690 observarem,
981 644 1159 680 bufonem
1183 645 1348 680 inssatum
1367 647 1440 692 jam
1466 659 1541 681 esse
1566 653 1756 696 pinguem-

142 715 235 751 que,
264 714 341 736 non
361 712 484 737 tamen
505 708 695 738 nitentem.
734 705 818 739 Jam
839 703 959 738 videre
979 701 1101 747 volui,
1125 715 1172 737 an
1196 708 1305 738 etiam
1325 703 1406 751 plus
1435 717 1552 752 aquae
1576 704 1669 740 forte
1690 719 1755 754 ap-

141 765 318 808 petiturus
338 769 453 804 esset,
473 769 510 794 et
528 759 641 808 plane
664 774 700 795 se
720 760 958 795 demersurus.
986 761 1113 808 Itaque
1132 759 1322 795 corbiculo
1344 761 1455 796 dense
1475 772 1669 810 compacto
1689 769 1755 798 im-

141 822 249 864 posui
265 821 353 850 etin
369 817 502 851 cadum
523 830 617 865 aqua
640 817 793 865 plenum
816 823 959 852 immisi.
988 817 1041 852 Ut
1061 829 1155 864 aqua
1171 816 1322 851 corbem
1343 824 1542 865 permeavit
1557 825 1649 854 visus
1667 820 1757 855 mihi

142 872 231 908 bufo
260 883 313 908 est
339 873 479 922 aliquid
502 876 578 919 ejus
604 874 750 919 bibere,
778 885 856 910 tum
885 886 970 909 vero
991 886 1086 922 aqua
1111 873 1275 922 unchue
1298 875 1543 910 circumdatus
1565 876 1696 911 sedens
1719 882 1758 911 in

142 929 254 965 corbe
280 936 435 975 mansit,
461 944 590 966 nasum
619 937 798 967 continuo
822 943 1002 966 exserens.
1038 933 1122 965 Jam
1148 941 1321 966 avocatus
1347 931 1421 966 alio
1450 931 1595 967 bufonis
1621 933 1757 968 oblitus

140 999 246 1031 sum,
277 997 314 1020 et
339 1000 453 1034 quum
481 988 640 1021 redirem
667 998 751 1033 post
779 988 969 1022 dimidiam
998 987 1072 1020 fere
1098 996 1161 1020 aut
1189 992 1370 1034 integram
1397 988 1546 1033 horam,
1573 990 1758 1025 exciderat

141 1042 274 1087 corbe,
293 1052 330 1076 et
347 1047 388 1076 in
407 1042 528 1077 media
547 1055 642 1090 aqua
664 1043 838 1088 haerens,
860 1055 1035 1090 suspenso
1053 1043 1100 1078 ad
1115 1044 1424 1090 perpendiculum
1444 1058 1618 1093 corpore,
1638 1059 1757 1094 reper-

141 1108 198 1134 tus
217 1108 288 1143 est,
313 1103 432 1145 rigens
453 1108 489 1132 et
511 1107 659 1132 mortuo
678 1098 895 1132 simillimus.
921 1099 993 1131 Pro
1014 1107 1162 1132 mortuo
1183 1105 1338 1143 extraxi,
1361 1109 1398 1134 et
1418 1101 1604 1148 paulisper
1616 1107 1656 1136 in
1678 1102 1757 1137 sole

141 1160 248 1203 posui
266 1163 302 1188 et
317 1165 445 1202 postea
459 1153 526 1189 sub
541 1153 648 1189 solita
665 1167 842 1202 campana
856 1182 864 1197 ,
888 1153 952 1188 ubi
977 1159 1110 1188 sensim
1127 1155 1174 1189 ad
1197 1161 1308 1190 vitam
1325 1156 1443 1192 rediit.
1471 1158 1588 1193 Paulo
1612 1168 1695 1206 post
1719 1172 1757 1194 se

142 1211 301 1256 defodit,
324 1221 361 1246 et
379 1211 576 1260 aliquoties
601 1211 813 1256 adscendit,
837 1211 902 1246 secl
921 1211 1044 1245 cibum
1068 1224 1199 1260 capere
1223 1224 1303 1248 non
1323 1213 1520 1251 observavi.
1546 1217 1757 1253 Emaeiatus

142 1279 217 1315 est,
237 1268 460 1318 tandemque
479 1269 514 1305 d.
535 1282 588 1305 12.
608 1270 700 1315 Maji
714 1278 881 1303 mortuus
901 1269 1023 1315 jacuit.

483 1385 697 1428 BUFO
743 1384 1055 1427 IGNEUS
1106 1385 1416 1429 ROESELII.

215 1496 309 1530 EUM
334 1493 380 1528 A.
410 1505 508 1539 1791.
531 1493 566 1528 d.
591 1493 623 1527 6.
648 1493 743 1540 Aug.
769 1492 817 1526 ad
837 1491 961 1527 littora
982 1495 1136 1527 Bruseae
1156 1505 1250 1541 quae
1271 1503 1348 1529 tum
1375 1501 1570 1544 perexigua
1597 1505 1673 1534 erat
1689 1527 1697 1544 ,
1716 1509 1757 1537 ut

143 1557 275 1600 passim
289 1556 386 1585 sicco
402 1549 496 1598 pede
521 1549 727 1584 transcendi
743 1561 883 1597 posset,
902 1555 986 1584 satis
1010 1555 1204 1597 copiosum
1227 1558 1353 1599 reperi.
1383 1555 1423 1587 ln
1450 1565 1612 1590 extrema
1635 1566 1758 1592 tamen

145 1621 207 1643 ora
225 1618 367 1642 tantum
383 1606 646 1655 substagnante
660 1612 697 1640 in
716 1619 810 1654 aqua
825 1618 861 1640 se
876 1610 1067 1641 continuit.
1097 1608 1137 1641 In
1152 1617 1316 1642 mentem
1341 1616 1439 1644 venit
1462 1622 1545 1645 eum
1568 1617 1603 1646 in
1620 1614 1757 1650 medias

144 1678 257 1714 aquas
280 1666 474 1710 conjicere.
503 1664 616 1710 Quod
645 1662 707 1698 ubi
727 1662 884 1708 sactum,
907 1668 981 1698 cito
1007 1662 1090 1697 litus
1110 1669 1274 1711 repetiit,
1299 1665 1453 1712 pedibus
1470 1677 1610 1702 tantum
1635 1681 1758 1718 poste-

144 1722 300 1756 rioribus
323 1731 462 1755 natans.
489 1722 612 1768 Atque
633 1726 683 1755 ita
703 1726 811 1755 vicies
831 1719 904 1754 fere
924 1729 1097 1767 exceptus
1116 1730 1151 1754 et
1173 1721 1337 1755 medium
1357 1728 1394 1756 in
1410 1723 1553 1758 alveum
1570 1735 1756 1774 excussus,

145 1790 288 1827 semper
306 1783 343 1811 in
363 1783 461 1825 prius
482 1775 555 1811 hoc
577 1776 660 1811 litus
684 1782 852 1811 enatavit.
881 1778 970 1812 Erat
994 1787 1117 1811 autem
1139 1777 1233 1812 illud
1255 1777 1429 1815 humilius
1446 1791 1479 1816 et
1496 1782 1681 1818 vadosum.
1711 1788 1757 1821 Et

144 1837 218 1883 jam
240 1835 413 1883 languere
437 1845 628 1883 coeperat,
653 1847 695 1870 ac
715 1834 850 1869 tardius
866 1843 990 1869 natare
1004 1862 1012 1878 ,
1028 1835 1181 1878 rejectus
1197 1840 1305 1869 eliam
1328 1849 1410 1870 cum
1429 1845 1532 1886 aquis
1548 1839 1753 1887 colluctari,

146 1903 186 1928 ut
207 1895 278 1938 jani
304 1892 533 1926 submersum
553 1898 593 1927 iri
611 1902 862 1940 expectarem,
890 1891 996 1938 (nam
1019 1891 1112 1926 illud
1132 1898 1290 1926 maxime
1310 1893 1501 1939 volebam,
1522 1902 1671 1932 miratus
1694 1911 1757 1933 cur

145 1949 374 2005 amphibium
395 1949 553 1993 animal,
576 1949 663 1984 alias
683 1948 749 1984 sub
769 1954 871 1998 aquis
893 1949 1048 1996 degens,
1074 1962 1151 1983 11011
1172 1950 1353 1985 urinando
1373 1950 1527 1987 salutem
1545 1954 1753 2002 quaereret)

146 2019 260 2055 quum
285 2019 371 2040 ecce
399 2007 519 2042 subito
547 2012 585 2041 in
605 2006 761 2042 alterum
787 2005 933 2041 tandem
957 2005 1041 2040 litus
1067 2017 1101 2041 et
1125 2013 1333 2055 oppositum
1349 2036 1357 2052 ,
1376 2021 1610 2058 prat-ruptum
1631 2017 1756 2059 utique

147 2076 181 2098 et
204 2077 277 2111 quo
301 2069 358 2098 vix
380 2063 566 2111 appellere
586 2074 728 2112 posset,
755 2063 881 2111 (hujus
907 2069 957 2098 rei
980 2069 1057 2097 sine
1077 2063 1189 2098 dubio
1210 2066 1347 2100 animal
1368 2074 1552 2102 conscium
1575 2067 1667 2114 erat)
1692 2081 1755 2103 na-

149 2120 262 2155 tando
285 2126 372 2154 eniti
391 2134 433 2155 ac
453 2121 607 2156 feliciter
623 2121 775 2157 evadere
795 2121 886 2165 vidi,
903 2131 938 2155 et
958 2126 986 2155 si
1002 2133 1021 2155 e
1042 2120 1248 2171 longinquo
1268 2134 1367 2159 recte
1381 2125 1473 2169 vidi,
1492 2123 1645 2172 pedibus
1664 2137 1756 2172 quo-

149 2189 220 2226 que
240 2177 479 2213 anterioribus
498 2179 545 2214 ad
565 2179 769 2214 natandum
789 2180 860 2224 jam
885 2183 937 2212 uti
962 2184 1094 2226 coepit.

220 2235 354 2270 Postea
371 2235 416 2271 A,
440 2242 538 2283 1794.
560 2236 594 2272 d.
615 2250 671 2273 20.
690 2237 782 2283 Maji
804 2241 842 2271 in
866 2234 1018 2283 parvulo
1043 2235 1127 2271 lacu
1153 2236 1275 2273 media
1306 2243 1343 2273 in
1367 2243 1422 2273 via
1450 2249 1496 2272 ex
1517 2250 1613 2286 aqua
1635 2247 1754 2274 scatu-
