2054 2748
795 154 1095 184 PISCES.
1661 150 1745 207 295

140 242 355 285 composita.
382 236 487 271 Dum
518 248 557 271 os
586 236 827 284 protrahitur,
853 238 1026 285 opercula
1046 244 1157 273 etiam
1177 238 1460 287 protrahuntur,
1485 244 1615 291 quibus
1638 245 1742 281 nulla

139 294 353 328 membrana
370 293 477 328 affixa
497 304 574 337 est,
598 298 646 328 ita
666 303 706 328 ut
727 306 808 341 pars
823 293 1079 330 branchiarum
1103 295 1229 331 subtus
1246 296 1358 332 videri
1381 305 1502 345 possit.

212 349 412 384 Branchiae
432 355 573 397 nigrae,
596 362 740 398 prorsus
763 360 803 384 ut
821 356 858 384 in
887 350 965 385 aliis
989 352 1145 399 piscibus
1170 351 1369 399 Formatae,
1389 355 1544 390 mobiles
1559 385 1567 401 ,
1587 367 1743 406 quatuor

139 405 312 440 ordinum
334 406 557 454 duplicium,
581 417 620 442 ut
639 416 762 441 tamen
783 412 930 454 quintus
956 408 1112 456 simplex
1135 409 1252 444 limbo
1276 416 1437 447 cavitatis
1459 417 1498 446 in
1521 425 1592 460 qua
1616 414 1743 449 locan-

138 472 196 497 tur
218 462 434 508 branchiae,
458 464 612 498 adnatus
635 469 691 498 sit.

211 521 337 568 Hepar
359 526 557 567 nigricans,
585 520 833 563 laxissimum,
863 525 1032 555 coctione
1054 521 1128 555 fere
1158 522 1333 567 diffluxit,
1366 533 1402 558 et
1423 536 1551 572 sapore
1579 523 1646 560 fuit
1669 538 1741 573 quo

136 575 211 610 fere
238 576 434 623 pulmones
462 582 578 611 anatis
611 575 706 610 ferae
733 586 868 620 assata,
897 578 1045 624 quando
1078 590 1254 614 consueto
1283 580 1397 615 modo
1425 594 1508 615 cum
1534 581 1669 626 jussulo
1698 596 1743 617 ex

138 638 254 668 anatis
274 645 429 680 corpore
449 638 543 667 inter
564 632 759 667 assandum
780 633 982 668 exsudante
1007 639 1209 670 conteritur
1228 642 1266 670 in
1286 636 1503 672 embamma.

210 691 302 723 Lien
322 688 475 736 longus,
499 689 663 723 humano
684 695 767 724 satis
782 689 917 724 similis.

211 746 254 779 In
278 751 426 793 occiput
444 750 633 780 incuneati
654 751 755 793 quasi
771 755 856 781 sunt
875 746 948 781 duo
967 748 1144 793 musculi,
1164 755 1226 798 qui
1247 762 1437 799 quousque
1453 757 1491 785 in
1510 764 1640 800 cor-pus
1659 764 1745 800 pro-

136 801 337 845 ducantur,
356 807 511 849 ignoro,
532 814 642 837 carne
663 813 868 850 compacta,
890 810 1104 852 nigricante,
1126 805 1287 841 bovillae
1307 806 1380 841 fere
1402 808 1556 843 aemula.
1585 809 1659 844 Sed
1674 809 1742 844 alia

136 871 220 894 caro
242 858 394 893 mollior
407 887 415 903 ,
435 865 631 907 spongiosa
644 888 652 904 ,
672 859 935 907 pinguedinem
955 860 1027 895 sere
1052 861 1201 906 dixeris,
1222 862 1388 899 delicata.

209 915 289 950 Ova
309 916 426 950 multa
450 929 558 964 parva
574 945 582 961 ,
598 922 832 963 nigricantia,
853 921 891 950 in
908 929 1062 964 corpore
1083 927 1260 953 contenta
1281 918 1388 953 fuisse
1406 919 1564 954 relatum
1583 932 1646 956 est.

208 972 376 1007 Vesicula
407 972 516 1007 fellea
541 973 643 1016 laxa,
668 985 819 1018 rugosa,
847 972 985 1006 multos
1009 973 1373 1021 distinctissimosque
1401 975 1530 1010 ductus
1555 978 1743 1026 cysthepa-

135 1033 226 1062 ticos
243 1026 393 1070 habuit,
417 1027 566 1061 ramulis
589 1027 764 1062 viridibus
787 1027 976 1062 evidenter
998 1033 1035 1061 in
1055 1028 1167 1076 hepar
1185 1039 1386 1077 protensos.

206 1085 363 1118 Memini
388 1094 448 1115 me
472 1088 511 1116 in
536 1088 655 1129 capite
683 1082 786 1128 quod
807 1091 915 1115 antea
939 1082 1124 1127 videram,
1146 1089 1185 1117 in
1210 1085 1295 1131 gula
1314 1084 1580 1132 pulcherrimas
1603 1099 1743 1137 appen-

135 1141 233 1176 dices
253 1138 491 1186 triangulares
514 1138 654 1173 vidisse.

206 1194 441 1230 Ventriculus
458 1205 494 1230 et
509 1200 681 1230 intestina
697 1199 736 1228 in
754 1202 873 1241 partes
887 1199 1067 1229 conscissa
1084 1194 1197 1231 allata
1217 1206 1309 1231 sunt.
1337 1199 1503 1233 Intestini
1518 1205 1634 1247 paries
1648 1215 1743 1239 cras-

134 1259 312 1296 sissimus,
339 1258 472 1287 cavitas
501 1262 673 1299 angusta3
704 1249 912 1298 superficies
942 1256 1085 1286 interna
1112 1252 1379 1300 elegantissime
1411 1255 1621 1301 reticulata3
1651 1260 1742 1307 jugis

134 1316 315 1360 protensis
334 1320 370 1344 et
390 1309 553 1344 foveolas
572 1307 835 1351 formantibus,
857 1313 950 1343 intra
975 1321 1065 1356 quas
1084 1309 1300 1357 profundius
1323 1310 1417 1346 aliae
1439 1318 1615 1360 minores,
1644 1325 1680 1351 et
1704 1322 1743 1351 in

134 1369 264 1403 harum
284 1366 500 1401 cavitatibus
524 1378 642 1400 rursus
662 1364 756 1399 aliae
778 1368 947 1398 minores.

205 1426 248 1458 In
262 1434 374 1457 unam
392 1427 555 1456 intestini
574 1426 805 1468 portionem,
824 1419 1041 1453 duodenum
1054 1425 1107 1453 uti
1129 1419 1237 1454 video
1258 1433 1304 1456 ex
1317 1422 1436 1457 Blasio
1452 1452 1460 1468 ,
1481 1424 1605 1461 hiabat
1619 1428 1742 1477 ampla

134 1489 302 1528 apertura
333 1484 497 1526 corporis
529 1482 758 1525 compressi,
785 1474 1072 1519 suborbiculati,
1100 1475 1267 1511 diametri
1298 1479 1551 1526 tripollicaris,
1580 1491 1743 1531 margine

135 1535 345 1579 scindente,
365 1535 467 1579 cujus
489 1532 624 1568 fabrica
639 1538 781 1566 interna
802 1535 920 1577 primo
941 1535 1076 1566 intuitu
1092 1544 1216 1566 renem
1236 1533 1309 1568 sere
1329 1548 1413 1569 cum
1432 1543 1501 1571 suis
1520 1539 1664 1586 papillis
1686 1555 1740 1576 re-

134 1591 294 1635 ferebat3
318 1590 382 1625 sed
405 1595 565 1625 exactius
592 1595 756 1638 inspecta
782 1585 914 1622 similia
945 1586 1019 1621 fere
1042 1588 1194 1623 reticula
1220 1589 1406 1627 foveoiata
1435 1603 1474 1628 ut
1502 1599 1541 1628 in
1563 1601 1741 1634 intestinis,

136 1648 294 1685 exhibet.
321 1647 428 1681 Βίας.
450 1646 521 1681 tab.
543 1654 599 1693 49.
614 1646 710 1681 f.111.
727 1647 760 1682 d.

208 1708 250 1740 In
268 1704 339 1739 alia
361 1708 522 1737 intestini
541 1709 713 1750 portione
726 1732 734 1748 ,
754 1703 826 1739 ileo
848 1710 901 1740 uti
923 1703 1030 1738 video
1052 1714 1097 1737 ex
1117 1701 1256 1747 Blasio,
1281 1703 1488 1751 superficies
1508 1712 1660 1744 interior
1678 1723 1741 1745 co-

135 1763 221 1798 dem
240 1760 354 1795 modo
380 1758 553 1803 formata,
574 1759 637 1793 sed
658 1772 723 1807 per
743 1770 861 1795 totam
887 1759 1159 1807 longitudinem
1183 1758 1422 1806 ligamentum
1448 1771 1561 1807 teres,
1586 1773 1742 1802 crassitie

135 1818 270 1855 calami
287 1821 486 1864 scriptorii,
505 1815 656 1864 spirale,
678 1817 778 1864 quod
794 1823 926 1866 passim
941 1830 961 1851 a
976 1815 1049 1851 bile
1073 1815 1192 1851 vivido
1214 1815 1340 1851 colore
1360 1819 1462 1853 viridi
1477 1825 1631 1855 tinctum
1648 1835 1740 1871 erat,

135 1876 198 1911 sed
217 1880 275 1909 cui
294 1873 437 1908 nullam
456 1882 518 1907 aut
543 1885 651 1907 acum
674 1883 737 1908 aut
761 1885 876 1909 setam
904 1872 1138 1909 introducere
1166 1878 1280 1920 potui.
1306 1873 1526 1921 Elegantem
1550 1878 1741 1915 cochleam

136 1930 503 1967 Amstelodamenses
522 1940 657 1966 vocant
676 1931 775 1979 apud
795 1931 953 1966 Blasium
978 1929 1050 1965 tab.
1072 1937 1127 1975 49.
1148 1928 1169 1963 f.
1191 1929 1221 1964 ὅ,
1243 1928 1305 1964 hh.

209 1987 314 2023 Odor
334 1996 409 2022 tam
429 1993 525 2022 cocti
543 1992 674 2035 piscis,
695 2000 806 2036 quam
826 1993 951 2036 capitis
967 1999 1032 2035 per
1048 1992 1210 2034 quinque
1230 1999 1372 2022 menses
1392 1993 1429 2022 in
1444 1994 1569 2037 spiritu
1589 1992 1739 2029 ardente

135 2049 358 2088 conservati,
381 2053 491 2091 atque
510 2054 636 2092 postea
656 2049 752 2079 inter
768 2050 1053 2079 exsiccationem
1068 2043 1376 2091 subputrescentis
1397 2046 1594 2093 specificus.

208 2101 313 2136 Radii
327 2106 523 2148 pinnarum
544 2107 702 2136 tenuiter
719 2102 921 2146 articulati,
943 2106 980 2136 in
1003 2106 1167 2148 margine
1185 2101 1439 2137 secedentibus
1458 2103 1617 2138 articulis
1637 2113 1738 2153 quasi

136 2162 371 2207 pectinatim,
394 2168 456 2192 aut
474 2158 739 2194 denticulatim.

210 2214 423 2262 Aliqualem
441 2225 640 2251 anatomen
663 2215 765 2251 dedit
785 2227 934 2264 quoque
955 2214 1120 2250 Richter
1138 2214 1482 2261 Iclzclzyoclzeolog,

1345 2272 1380 2304 N
1396 2284 1420 2304 n
1448 2284 1467 2304 2
