2054 2748
729 143 758 170 A
792 143 828 169 M
863 143 886 169 Ρ
921 142 952 169 11
986 142 998 168 1
1032 143 1055 168 B
1089 142 1101 168 1
1136 142 1176 169 A.
1670 147 1749 189 233

150 223 255 259 lelae.
283 226 380 259 Tum
404 229 525 259 statim
548 223 654 258 illum
673 229 944 272 respiratorium
964 234 1108 259 motum
1130 228 1170 258 in
1188 232 1268 258 toto
1290 223 1398 257 dorso
1420 224 1609 261 observare
1631 234 1749 276 coepi.

149 281 308 316 Pedibus
332 279 593 328 posterioribus
622 287 765 328 quoties
788 279 1055 328 prehenderem
1080 291 1116 315 et
1143 280 1209 315 sub
1241 292 1351 327 aquas
1383 281 1620 328 retraherem,
1648 284 1750 320 bulla

150 343 240 371 aeris
266 350 311 371 ex
333 336 480 371 naribus
502 342 630 371 emissa
655 347 730 382 est,
758 348 949 383 rursusque
972 337 1108 372 animal
1132 343 1171 371 in
1191 335 1420 384 superficiem
1444 344 1598 373 emersit.

220 393 270 428 D.
297 394 353 428 50.
381 395 476 428 Νον.
505 404 658 441 uterque
681 400 719 427 in
740 392 929 441 superficie
958 393 1095 437 adfuit,
1118 403 1153 428 et
1174 399 1318 427 oniscos
1341 404 1533 438 vorarunt,
1557 404 1751 444 praecipue

148 455 272 484 minor
288 455 350 498 qui
371 460 442 485 tres
461 456 642 485 maximos
663 449 864 497 deglutivit.
898 448 1022 484 Ruber
1046 449 1150 483 color
1177 450 1282 496 hujus
1305 456 1454 485 minoris
1484 456 1545 487 vix
1562 462 1637 487 erat
1663 466 1752 488 con-

149 512 303 554 spicuus.

222 564 271 598 D.
296 576 351 598 20.
374 563 468 598 Dec.
493 572 572 598 toto
595 561 670 597 hoc
698 562 893 597 intervallo
914 562 1059 597 nullum
1085 568 1225 610 insigne
1251 563 1370 611 frigus.
1417 563 1570 613 Semper
1597 576 1751 615 uterque

150 624 188 653 ln
208 619 398 667 superficie
416 625 509 655 visus
535 629 598 654 aut
621 625 681 654 vix
709 629 825 653 terrae
850 632 887 654 se
907 625 1039 654 arctius
1062 620 1261 667 applicans.
1290 622 1425 654 1111111151
1443 621 1585 669 aliquot
1607 629 1752 659 oniscos

102 720 107 723 .
148 677 304 720 majores
317 703 325 719 ,
351 687 458 722 aegre
477 686 638 724 repertos
651 704 659 720 ,
679 681 801 710 minor
829 676 916 710 bufo
936 689 1051 711 unum
1070 682 1192 711 statim
1211 676 1391 723 ligurivit,
1416 687 1451 712 et
1472 679 1625 725 pedibus
1649 691 1751 716 ante-

147 731 304 766 rioribus·
324 731 543 767 allaboravit
568 733 678 767 solito
699 745 822 777 more,
842 743 951 781 caput
970 733 1134 769 fricando
1158 733 1205 767 ad
1230 733 1364 777 latera,
1387 741 1562 781 quoniam
1582 749 1654 771 una
1673 743 1752 772 vice

145 800 224 822 non
242 794 365 823 statim
383 794 565 836 integrum
585 802 711 825 vorare
727 795 857 838 potuit.
886 791 1008 836 Major
1021 800 1106 825 ante
1125 789 1255 825 oculos
1275 790 1475 826 discurrere
1491 798 1636 828 oniscos
1651 794 1753 840 vidit,

146 857 214 879 nec
233 844 318 879 loco
339 855 462 880 motus
483 856 544 881 est.
1084 880 1088 881 .

220 901 522 950 Quotiescunque
542 913 658 937 noctu
675 908 890 951 inspicerem
905 931 913 948 ,
933 903 1061 938 oculos
1076 903 1283 939 habuerunt
1296 914 1452 951 apertos.
1480 907 1608 953 Capite
1624 906 1754 943 leniter

146 966 263 992 tactus
291 960 409 1003 major
431 959 484 993 nil
508 960 711 1006 quidquam
741 970 950 994 commotus
979 969 1041 994 est.
1076 960 1148 994 Sed
1176 959 1276 993 oculi
1297 965 1326 993 si
1348 960 1405 994 vel
1428 961 1606 995 levissime
1629 973 1754 1010 tange-

145 1022 293 1058 rentur,
318 1019 498 1048 nictitavit
517 1023 553 1049 et
577 1024 686 1062 caput
705 1014 905 1049 inclinavit.
941 1015 1122 1049 Postridie
1142 1025 1267 1050 tamen
1286 1026 1467 1063 repertam
1487 1030 1571 1052 casu
1590 1030 1754 1055 muscam

146 1081 258 1117 quam
282 1069 425 1114 obtuli,
452 1080 488 1105 et
509 1081 625 1105 noctu
647 1071 818 1117 quidem,
841 1071 889 1104 ad
908 1070 1085 1104 candelae
1108 1071 1227 1104 lucem
1241 1097 1249 1113 ,
1274 1078 1424 1106 voravit.
1453 1074 1523 1106 Per
1542 1084 1661 1108 totum
1681 1076 1753 1110 hoc

145 1135 290 1173 tempus
309 1135 463 1173 uterque
477 1153 486 1170 ,
504 1127 623 1171 major
642 1136 678 1160 et
697 1130 838 1170 minor,
858 1131 895 1159 in
913 1124 1104 1172 superficie
1123 1131 1236 1169 visus,
1258 1125 1344 1161 licet
1363 1126 1589 1174 frigidissima
1604 1142 1753 1180 quoque

145 1180 254 1216 suerit
276 1192 482 1230 tempestas
509 1184 629 1230 Prope
653 1181 849 1216 fenestram
869 1192 989 1217 versus
1010 1180 1159 1216 boream
1180 1192 1256 1217 erat
1276 1188 1467 1230 expositio.

150 1275 153 1278 ⁴
218 1238 269 1273 D.
295 1239 346 1273 15.
366 1240 448 1273 Jan.
473 1249 573 1285 1792.
592 1248 744 1286 uterque
758 1237 805 1273 ad
823 1237 936 1273 latera
951 1250 1152 1286 campanae
1167 1244 1206 1273 in
1219 1239 1331 1286 pedes
1347 1246 1565 1287 posteriores
1580 1242 1752 1291 elevatus,

147 1304 186 1330 ut
207 1295 432 1342 quandoque
452 1305 570 1330 antea.

218 1352 268 1385 D.
287 1351 341 1385 23.
359 1353 439 1386 Jan.
455 1364 568 1398 quum
585 1357 724 1387 interea
742 1364 886 1399 semper
898 1357 937 1386 in
951 1352 1140 1399 superficie
1158 1354 1325 1397 jacuisset
1340 1363 1492 1401 uterque
1507 1356 1620 1390 modo
1638 1358 1750 1403 dicto,

147 1413 256 1442 etiam
280 1406 405 1441 locum
434 1417 633 1451 mutasset,
655 1406 774 1441 obtuit
798 1417 868 1441 tres
889 1413 1056 1450 oniscos,
1085 1419 1177 1454 quos
1207 1421 1283 1442 non
1311 1414 1530 1456 tetigerunt,
1554 1412 1617 1446 sed
1638 1420 1752 1450 onisci

145 1469 269 1511 potius
289 1463 354 1497 5111)
374 1463 524 1497 illorum
543 1475 697 1510 corpore
720 1476 758 1497 se
780 1462 1104 1498 abscondiderunt.
1132 1463 1258 1499 Affudi
1279 1477 1436 1512 aquam,
1461 1467 1581 1502 donec
1602 1478 1752 1518 uterque

145 1530 335 1567 tegeretur.
376 1521 498 1567 Major
521 1532 560 1554 os
586 1529 702 1554 terrae
729 1519 970 1567 apprimendo
994 1526 1231 1567 respiratione
1256 1520 1451 1568 abstinuit,
1479 1530 1601 1559 minor
1623 1539 1752 1563 nasum

147 1586 248 1611 extra
271 1588 403 1624 aquam
424 1576 564 1611 extulit.

220 1634 268 1667 D.
290 1646 344 1680 27.
366 1635 446 1668 Jan.
467 1643 633 1681 tempore
656 1633 902 1681 tepidiusculo
928 1632 1113 1667 coloribus
1137 1633 1394 1680 vividioribus,
1417 1646 1453 1671 et
1472 1640 1588 1683 major
1611 1648 1751 1687 praeci-³

144 1700 217 1737 pue
236 1695 393 1724 verrucis
413 1689 625 1723 clarioribus
643 1690 786 1733 aderat⁷
809 1695 930 1724 minor
946 1699 1070 1724 autem
1089 1690 1241 1725 maculis
1260 1691 1394 1736 rubris,
1413 1694 1658 1731 vividioribus.
1680 1699 1751 1733 Ve-

146 1755 249 1793 getus
267 1755 441 1793 uterque,
465 1745 617 1793 pedibus
636 1745 743 1780 altius
764 1751 926 1790 innisus,
946 1756 1071 1780 ventre
1099 1756 1229 1781 terram
1250 1760 1326 1782 non
1346 1760 1544 1796 premente,
1584 1753 1752 1790 Muscam

145 1815 231 1837 casu
253 1812 435 1850 repertam
456 1801 598 1845 obtuli,
627 1803 744 1846 major
768 1807 870 1849 quasi
891 1812 997 1836 motu
1020 1801 1239 1838 mechanico
1260 1804 1361 1840 nulla
1386 1806 1580 1842 oculorum
1605 1821 1750 1858 expres-

144 1864 271 1902 sione,
295 1868 357 1892 aut
379 1864 504 1906 capitis
528 1868 632 1893 motu
659 1858 879 1903 accedente,
904 1872 943 1893 os
970 1866 1132 1907 aperuit,
1160 1866 1262 1908 quasi
1291 1861 1553 1909 deglutiturus,
1584 1876 1619 1901 et
1639 1868 1749 1903 tribus

144 1915 282 1951 vicibus
295 1920 400 1950 irritis
418 1915 456 1950 id
470 1914 565 1950 fecit.
593 1917 719 1949 Minor
737 1915 806 1950 hac
825 1921 863 1949 in
882 1928 919 1950 re
935 1915 1117 1960 solertior,
1134 1917 1333 1953 accedente
1353 1925 1433 1954 nisu
1452 1919 1577 1969 aliquo
1595 1932 1630 1957 et
1644 1935 1748 1960 motu

146 1977 329 2020 corporis,
352 1971 470 2007 hausit
490 1984 665 2007 muscam.
704 1974 784 2006 Hac
808 1977 1002 2006 occasione
1024 1985 1192 2021 quoque,
1216 1980 1253 2008 in
1277 1977 1436 2021 majore,
1462 1987 1582 2012 motus
1604 1979 1748 2027 linguae

147 2039 307 2064 exsertae
334 2028 536 2063 distinctius
556 2034 671 2073 visus,
694 2038 730 2063 et
754 2041 864 2063 sonus
888 2028 1097 2064 collisarum
1119 2031 1353 2066 maxillarum
1372 2033 1516 2068 auditus
1540 2046 1602 2069 est.

217 2086 398 2120 Postridie
414 2085 519 2120 color
533 2091 652 2120 minus
670 2085 819 2129 vividus,
835 2095 870 2120 et
882 2085 989 2119 simul
1001 2085 1209 2133 superficies
1225 2087 1442 2124 subhumida
1458 2096 1559 2138 quasi
1573 2098 1748 2138 apparuit.

218 2141 268 2176 D.
292 2142 346 2177 51.
368 2144 448 2177 Jan.
470 2142 575 2177 color
594 2142 690 2177 idem
712 2152 748 2176 et
767 2142 919 2176 madens
939 2142 1153 2189 superficies.
1182 2147 1321 2192 Corpus
1343 2152 1457 2193 magis
1477 2146 1651 2182 inflatum.
1677 2150 1749 2183 Te-

146 2196 274 2232 nebrio
293 2204 637 2247 mortisagusquem
651 2209 735 2236 ante
750 2198 886 2235 multos
904 2200 977 2245 jam
993 2200 1068 2235 dies
1084 2200 1290 2239 obtuleram
1304 2230 1312 2248 ,
1326 2202 1447 2239 adhuc
1463 2203 1597 2238 aderat.
1618 2205 1750 2254 Neque
