2054 2748
704 150 1154 178 AMPHIBIA.
1654 153 1734 193 227

129 243 211 269 rent
233 246 312 269 ossa
325 261 334 278 ,
354 244 448 281 quae
467 243 680 267 conservare
694 230 804 266 volui.
831 232 965 267 Omnia
986 239 1024 267 in
1040 231 1300 280 putrilaginem
1320 230 1439 266 soluta
1456 243 1574 279 erant,
1591 245 1734 283 praeter

132 304 198 327 ova
212 319 220 335 ,
243 303 336 339 quae
355 296 516 336 integra,
537 288 751 323 membrana
772 298 894 333 tensa,
917 288 1203 336 superfuerunt.)

202 351 309 382 initio
324 345 542 380 Decembris
559 344 702 392 (1791.)
719 351 756 379 in
772 344 865 379 cella
883 345 956 379 vidi
969 358 1081 379 uuam
1095 358 1132 379 sc
1147 357 1291 393 prorsus
1306 343 1497 379 defodisse.
1519 345 1626 380 Duae
1641 347 1734 383 aliae

128 414 273 440 tantum
290 408 409 451 capite
425 402 662 451 pedibusque.
685 404 934 449 imposueram
954 401 1104 435 cistulae
1121 411 1212 435 terra
1228 400 1362 448 plenae
1381 402 1454 447 jam
1467 400 1540 435 fine
1555 402 1732 440 Octobris.

201 462 335 496 Faeces
357 459 631 507 semiliquidae3
670 457 759 492 alias
787 468 911 493 tamen
939 463 1049 492 etiam
1076 457 1285 492 subsolidae
1313 457 1447 505 pulpae
1476 464 1734 507 consistentia,

128 523 238 553 etiarn
258 530 337 551 non
353 522 431 551 sine
451 515 610 558 foetore,
628 523 664 549 et
677 513 789 562 paulo
811 523 894 562 post
914 514 1097 562 liquorem
1116 520 1294 549 virentem
1318 528 1395 549 non
1415 515 1630 551 calcareum.
1647 517 1734 551 Fine

128 577 230 610 Junii
251 574 325 609 vidi
344 578 461 607 emitti
480 572 662 619 liquorem
683 571 844 606 lacteum
863 580 926 606 aut
943 570 1159 605 calcareum.
1179 571 1238 604 An
1254 577 1354 606 urina
1367 575 1382 606 'f
1410 572 1471 605 An
1490 572 1607 607 faeces
1626 572 1734 621 liqui-

129 631 223 666 dae?
245 643 330 665 nam
351 641 435 665 cum
455 629 610 662 stridore
633 626 758 675 aliquo
783 627 906 675 liquor
929 633 1078 662 emissus
1097 639 1172 662 esse
1191 627 1281 662 mihi
1306 627 1456 662 videtur.
1485 628 1644 664 Obtutus
1669 629 1736 665 ali-

129 688 219 736 quid
240 686 368 721 blandi
388 684 512 720 habet.
539 684 814 719 Mansuefaetae
840 686 913 731 jam
934 684 1102 719 videntur
1126 683 1298 719 homines
1321 697 1427 719 nosse
1441 713 1449 728 ‚
1470 696 1506 721 et
1525 696 1643 721 tactae
1659 700 1735 730 non

126 755 270 791 semper
297 752 408 791 eaput
435 740 650 786 retrahunt,
675 747 764 790 quin
783 747 905 789 potius
927 740 1042 789 scalpi
1065 741 1113 775 ad
1141 740 1281 775 collum
1310 752 1445 776 amant.
1491 745 1611 790 Caput
1634 750 1735 792 quasi

126 806 222 835 intra
245 799 383 834 collare
406 798 730 833 membranaceum
751 798 998 846 (duplicatam
1012 797 1101 833 colli
1119 797 1390 841 membranam)
1409 799 1611 835 retrahunt.
1640 801 1735 836 Sibi-

125 856 205 891 lum
223 856 447 904 quandoque
462 861 634 890 emittunt
655 855 729 889 fere
743 866 954 903 serpentum
968 855 1094 890 modo,
1121 856 1288 891 Meatum
1305 855 1526 890 auditorium
1541 869 1736 895 externum

127 925 205 948 non
228 913 393 948 observo.
434 912 600 960 (illonro
619 912 747 947 Anac.
773 914 947 959 piscium
969 911 1141 947 omnibus
1163 911 1360 960 amphibiis
1383 912 1576 960 adscribit,
1603 915 1734 952 saltem

127 969 374 1018 tympanum.)

195 1024 377 1060 Incedunt
397 1023 548 1072 pedibus
563 1023 803 1060 anterioribus
823 1024 1209 1073 perpendicularibus,
1228 1025 1488 1073 posterioribus
1508 1028 1734 1078 quandoque

124 1081 172 1117 ad
194 1080 501 1129 perpendiculum
525 1091 641 1115 terrae
661 1087 786 1114 innisis
803 1108 811 1124 ,
835 1083 1060 1127 quandoque
1081 1087 1182 1128 quasi
1198 1091 1282 1127 post
1300 1094 1431 1128 corpus
1457 1089 1589 1118 tractis.
1615 1085 1735 1134 Saepe

123 1138 279 1187 pedibus
300 1143 440 1171 innisae
466 1149 598 1184 corpus
622 1136 833 1181 retrahunt,
860 1146 897 1171 et
916 1142 1079 1184 margine
1104 1142 1286 1171 anteriore
1313 1147 1426 1172 testae
1446 1141 1636 1175 arietando
1660 1142 1733 1178 illi-

125 1195 218 1230 dunt
239 1199 277 1228 in
301 1193 455 1229 alteram
479 1192 537 1228 vel
565 1198 603 1227 in
633 1198 835 1241 parietem,
865 1193 953 1228 dum
981 1205 1024 1227 eo
1051 1203 1245 1228 momento
1269 1206 1342 1241 quo
1368 1207 1500 1243 corpus
1525 1207 1733 1236 antrorsum

125 1251 293 1294 libratur,
310 1261 420 1298 caput
442 1249 608 1285 celeriter
631 1250 828 1285 retrahunt.

200 1308 344 1341 Vorans
369 1306 534 1354 amplum
558 1319 598 1340 os
622 1313 760 1355 aperit,
785 1317 821 1342 et
845 1306 1074 1355 aliquantum
1102 1307 1280 1355 producta
1310 1321 1425 1344 crassa
1453 1309 1553 1345 brevi
1581 1325 1733 1349 carnosa

124 1363 249 1412 lingua
264 1363 410 1397 mordet
424 1362 589 1410 plantas,
606 1375 752 1410 perraro
773 1364 869 1410 pede
886 1369 1068 1397 anteriore
1087 1373 1193 1397 utens
1212 1373 1251 1397 ut
1265 1365 1414 1411 plantae
1428 1371 1611 1413 imponat,
1632 1381 1731 1405 eam-

124 1433 196 1469 que
225 1425 275 1454 sic
304 1419 401 1466 figat.
440 1418 657 1466 Aliquando
687 1418 803 1452 oculis
829 1424 938 1453 etiam
962 1417 1072 1452 simul
1095 1424 1247 1453 nictitat.
1283 1420 1433 1456 Collum
1454 1422 1541 1456 dum
1562 1427 1731 1473 retrahit,

125 1482 273 1524 occiput
294 1476 361 1510 sub
381 1474 477 1522 plica
499 1485 700 1509 transversa
722 1487 832 1522 quam
857 1481 948 1509 eutis
970 1475 1103 1510 format
1124 1476 1347 1511 reconditur.

198 1533 268 1567 Ovi
291 1531 408 1566 forma
435 1544 662 1579 compressa⁷
682 1541 718 1566 et
742 1542 833 1567 testa
857 1532 968 1577 dura,
993 1544 1117 1567 crassa.
1145 1533 1290 1568 Frustra
1314 1539 1351 1568 in
1370 1545 1496 1570 ventre
1516 1545 1653 1586 equino
1676 1545 1730 1575 in-

126 1589 360 1625 cubationem
383 1588 612 1623 artificialem
635 1594 783 1624 tentavi.

196 1645 333 1694 Aprilis
356 1650 459 1680 initio
488 1657 587 1692 1797·
612 1645 677 1692 (A.
697 1645 777 1692 VI»)
807 1657 853 1679 ex
877 1644 971 1680 cella
995 1655 1188 1693 exemptae
1213 1645 1396 1693 (exierant
1419 1661 1464 1683 ex
1485 1659 1578 1686 terra
1600 1657 1637 1687 in
1659 1665 1731 1702 qua

123 1709 162 1740 in
181 1703 275 1738 cella
302 1703 537 1736 subterranea
563 1701 736 1747 hyemare
759 1701 853 1747 feci,
876 1713 912 1738 et
936 1708 975 1736 in
1000 1702 1188 1750 superficie
1212 1704 1419 1752 jacuerant)
1449 1712 1567 1754 rigent
1587 1722 1731 1747 exserto

126 1765 244 1808 capite
269 1757 519 1807 pedibusque:
546 1769 666 1806 neque
694 1763 731 1792 in
760 1771 893 1806 aquam
922 1765 1114 1807 impositae
1147 1759 1346 1796 retrahunt.
1385 1764 1496 1798 Posui
1521 1771 1558 1799 in
1592 1768 1729 1815 angulo

121 1818 220 1853 horti
239 1821 381 1864 aprico,
404 1815 579 1850 asseribus
599 1821 843 1863 circumsepto
856 1844 865 1860 ,
881 1828 954 1863 quo
975 1816 1061 1850 loeo
1078 1825 1193 1850 totam
1216 1829 1281 1864 per
1297 1828 1471 1854 aestatem
1492 1821 1590 1856 alere
1614 1824 1729 1870 solui,

123 1879 161 1909 in
180 1873 309 1908 umbra
341 1882 489 1917 tamen,
518 1884 566 1906 ne
593 1878 701 1906 nimis
723 1878 796 1906 cito
821 1872 929 1907 radiis
953 1872 1040 1907 solis
1064 1879 1250 1921 expositae
1274 1874 1558 1924 incalescerent,
1591 1890 1626 1916 et
1653 1894 1730 1916 non

123 1936 286 1979 quinque
309 1929 421 1964 horae
450 1935 592 1964 minuta
624 1929 863 1976 effluxerunt,
895 1942 1009 1978 quum
1043 1931 1118 1977 jam
1149 1931 1381 1977 incederent,
1410 1944 1446 1969 et
1473 1944 1592 1971 tactae
1620 1949 1730 1987 caput

122 1987 357 2022 retraherent.

196 2044 321 2089 Quum
348 2043 417 2078 Ao.
442 2043 516 2079 VII.
547 2042 691 2091 (1798.)
726 2055 838 2078 verno
866 2053 1033 2092 tempore
1061 2044 1156 2079 cella
1185 2051 1421 2092 exemissem,
1452 2048 1526 2084 vidi
1551 2055 1588 2084 in
1613 2050 1727 2087 altera

125 2098 259 2134 femina
280 2106 444 2145 minore,
465 2106 524 2135 cui
546 2101 698 2135 nitidior
722 2111 813 2136 testa
836 2111 912 2145 est,
937 2114 982 2135 ex
1009 2101 1120 2136 oculo
1143 2108 1286 2137 sinistro
1310 2103 1468 2139 multum
1488 2112 1585 2153 puris
1607 2113 1726 2154 exire,

123 2156 226 2204 quod
246 2162 379 2191 sensim
401 2163 582 2205 expressi,
607 2168 642 2192 et
663 2157 727 2192 illa
751 2157 851 2192 haud
872 2170 978 2204 aegre
997 2158 1091 2193 tulit.
1118 2160 1236 2194 Metui
1257 2173 1304 2195 ne
1326 2161 1454 2196 oculus
1472 2174 1618 2209 pessum
1638 2169 1725 2212 iret,

121 2213 185 2248 sed
209 2219 350 2261 aperuit
373 2213 565 2262 palpebras
580 2242 590 2262 ,
616 2225 652 2251 et
670 2215 795 2250 illaesa
817 2214 1007 2263 nitidaque
1026 2214 1093 2252 fuit
1114 2229 1249 2252 cornea
1268 2218 1465 2266 pellucida.
