2054 2748
892 135 1106 165 AvES.
1730 141 1807 184 125

194 222 359 258 colorem
374 227 510 258 variare
525 221 623 256 dicit.
644 220 870 256 Crediderim
887 226 1008 267 potius
1023 219 1211 261 distinctas
1229 225 1368 268 species
1388 232 1473 255 esse.
1495 222 1676 270 Willugbe
1684 235 1745 258 eus
1760 236 1806 257 ex

196 279 440 315 Aldrovando
462 279 570 322 dicit,
599 284 637 313 in
657 279 854 314 Germania
877 290 1028 325 scopein
1049 283 1197 326 reperiri
1217 277 1455 324 albidiorem,
1479 280 1594 314 cauda
1619 280 1805 329 longiore,

194 337 365 373 auriculis
389 337 637 385 longioribus,
665 348 758 384 quae
773 341 811 370 in
824 347 946 370 meam
965 334 1111 370 eadunt.

626 439 874 483 STRIX
919 438 1374 482 HUDSONIA.

268 540 433 587 Corpore
448 538 592 585 pennis
609 549 728 586 supra
743 538 872 583 fuscis
890 539 1072 585 margine
1087 536 1214 579 albis,
1241 536 1378 571 subcus
1400 535 1525 579 albis,
1547 536 1663 572 lineis
1679 545 1806 573 trans-

190 600 317 632 versis
333 598 471 643 nigris,
486 603 608 629 rostro
629 594 871 643 iridilmsque
887 597 1099 630 aul-anelis.
1119 593 1292 628 Gmelc'n.
1305 593 1394 639 Syst.
1410 594 1494 628 Nat.
1509 595 1613 628 Linn.
1629 593 1735 643 Spec.
1750 595 1805 637 54.

193 665 227 702 p.
257 653 333 700 295.
362 649 623 698 (Hawk-Owl.
653 651 848 686 Pennana
866 654 1015 687 Arccic.
1047 650 1163 685 Zool.
1191 664 1285 698 pag.
1317 650 1396 692 234.
1429 660 1480 686 n.⁰
1521 651 1597 686 123.
1629 651 1809 687 Latlzczm

190 709 355 756 Sytzops.
378 709 408 742 I.
442 722 467 742 ι.
491 721 530 755 p.
556 707 630 749 143.
643 716 694 742 n.⁰
716 708 770 743 30.
786 707 1063 755 Allegationem
1089 707 1185 742 hanc
1207 721 1227 742 a
1247 707 1424 742 Gmelino
1445 707 1578 742 factam
1600 720 1676 742 non
1697 708 1807 744 intel-

189 765 274 812 ligo.
304 767 345 799 In
373 769 539 798 versione
567 770 775 812 germanica
809 765 1013 813 Zoologiae
1045 771 1202 800 arcticae
1229 764 1282 799 nil
1313 765 1515 813 quidquam
1546 764 1616 799 huc
1642 764 1807 801 facientis

188 827 342 870 reperio.
370 822 427 855 Ne
447 821 598 868 quidem
617 821 735 856 ullum
755 834 1045 868 synonymorum
1061 836 1082 857 a
1102 822 1281 857 Gmelino
1303 828 1497 857 citatorum
1520 821 1756 871 allegatum.)

261 876 515 912 Memorabilis
532 877 638 912 nobis
653 884 749 923 avis,
776 888 813 913 et
831 878 963 914 faunae
983 879 1169 915 Alsaticae
1188 880 1399 923 inserenda,
1427 885 1511 927 quia
1528 879 1599 913 Ao.
1619 883 1651 914 ὅ.
1670 880 1805 928 (¹799)

187 934 424 970 Herlishemii
440 946 554 981 prope
572 935 796 969 Colmariam
815 941 854 970 in
874 935 1016 971 Alsatia
1037 936 1188 979 (Rheno
1208 938 1412 983 superiore)
1435 941 1555 970 occisa
1575 944 1611 970 et
1634 936 1681 970 ad
1706 942 1806 970 orni-

187 990 400 1039 tliophilum
420 989 761 1038 Sehauenburgium
776 991 897 1026 delata
910 1001 963 1027 est
974 1020 982 1036 ,
1003 998 1067 1040 qui
1081 992 1211 1028 fartam
1226 998 1263 1026 in
1278 991 1505 1027 collectione
1521 1005 1581 1027 sua
1604 1002 1807 1038 conservat,

186 1058 222 1084 et
242 1062 260 1083 a
281 1060 318 1082 se
338 1053 474 1095 pictam
493 1052 638 1082 iconem
664 1053 771 1083 misit.
800 1050 1036 1084 Conveniunt
1057 1054 1181 1084 omnia
1202 1061 1287 1083 cum
1306 1048 1552 1085 Edvvardiana
1576 1048 1714 1097 figura,
1737 1055 1807 1085 nisi

188 1105 290 1154 quod
309 1110 347 1139 in
366 1110 433 1139 ista
447 1103 582 1139 albedo
599 1110 776 1152 impurior
790 1114 826 1139 et
840 1105 984 1140 colores
1005 1105 1228 1141 sordidiores
1249 1112 1330 1141 sint.

587 1199 836 1243 STRIX
886 1201 1400 1244 VULTURINA.

261 1284 402 1318 Rostro
423 1290 548 1324 recto,
579 1285 695 1330 apice
709 1282 872 1316 demam
892 1285 1062 1317 incurvo
1078 1311 1086 1324 ,
1101 1282 1231 1316 colore
1252 1282 1450 1324 latericio,
1472 1282 1645 1317 maculis
1662 1286 1805 1330 parvis

187 1340 412 1377 albentibus
430 1366 439 1379 ‚
468 1341 649 1383 margine
675 1341 799 1383 nigris
813 1365 823 1378 ,
850 1338 928 1372 alis
951 1342 1138 1384 expansis
1159 1339 1434 1384 quadraginta
1451 1339 1658 1384 pollicum.

235 1396 398 1430 Kleinii.
424 1394 533 1440 Spec.
557 1406 607 1427 ιο.
627 1392 792 1426 Omnino
817 1391 955 1426 dlversa
979 1392 1122 1427 videtur
1144 1406 1162 1427 a
1185 1394 1314 1440 Sctige
1334 1396 1573 1441 accipiar-ina
1589 1423 1596 1434 ,
1616 1395 1801 1432 Pallasii.

189 1456 281 1490 Ibin.
303 1454 333 1486 I.
359 1464 448 1497 app.
468 1450 501 1486 b'.
523 1459 559 1484 et
581 1462 602 1484 a
624 1448 752 1496 Scrige
766 1448 933 1496 falconi
947 1449 1098 1493 simzli,
1118 1462 1163 1484 ex
1184 1449 1275 1484 Sinu
1291 1450 1502 1496 Hudsonio,
1522 1451 1709 1501 Seelt'gm.
1735 1468 1802 1489 ccv.

187 1513 246 1547 ΠΙ.
266 1509 357 1543 Tab.
388 1518 437 1553 19.

260 1567 378 1602 Miror
400 1562 612 1599 Buffonium
630 1572 667 1598 et
687 1562 903 1599 Gmelinum
927 1568 1032 1598 istam
1053 1561 1276 1598 vulturinam
1297 1575 1375 1598 non
1397 1569 1585 1613 recepisse.

311 1718 316 1719 γ
704 1659 735 1703 S
754 1661 795 1703 T
814 1661 856 1703 R
873 1661 893 1702 I
910 1660 954 1702 X
998 1659 1044 1702 U
1062 1659 1099 1701 L
1118 1659 1164 1702 U
1181 1659 1218 1701 L
1236 1659 1289 1702 A.

260 1757 301 1790 ln
326 1752 397 1788 fine
419 1752 488 1788 Ao.
515 1751 545 1788 5.
573 1752 697 1800 (1797.
722 1751 756 1787 d.
788 1766 839 1799 17.
863 1751 984 1800 Sept.)
1009 1757 1130 1787 occisa
1150 1756 1190 1787 in
1216 1751 1315 1798 sylva
1335 1751 1661 1790 Ekbolshemiensi
1685 1768 1801 1804 prope

189 1812 443 1859 Argentinam.

263 1866 506 1915 Amplitudo
530 1866 672 1901 volatus
690 1863 826 1914 pedum
848 1871 967 1900 trium.

260 1919 492 1971 Lotzglcudo
514 1922 561 1958 ab
578 1929 683 1971 apice
698 1928 804 1958 rostri
817 1922 865 1958 ad
885 1933 1090 1958 extremum
1105 1934 1265 1970 unguem
1281 1923 1384 1972 pedis
1398 1929 1521 1970 unius,
1542 1925 1698 1961 duorum
1718 1926 1799 1975 pol-

187 1983 321 2026 licum,
350 1987 457 2016 trium
478 1980 682 2025 linearum3
708 1981 754 2016 ad
775 1991 976 2016 extremam
999 1980 1154 2016 caudam
1175 1986 1280 2015 unius
1296 1981 1397 2029 pedis
1411 1995 1494 2017 cnm
1514 1983 1652 2032 pollice
1668 1996 1750 2018 uno,

259 2039 447 2073 Rostrum
461 2050 648 2075 corneum.
675 2040 750 2074 Iris
767 2044 915 2084 citrina,
942 2037 1082 2074 annulo
1102 2048 1277 2087 angusto;
1296 2040 1352 2087 (iu
1365 2039 1436 2075 alia
1452 2047 1640 2085 suc-cinea,
1659 2039 1800 2075 annulo

189 2095 352 2142 latiore.)

260 2152 426 2187 pennae
443 2153 489 2188 ad
505 2152 607 2188 basin
620 2158 739 2198 rostri,
759 2162 796 2187 et
807 2165 913 2200 supra
935 2150 1064 2186 oculos
1078 2151 1194 2187 albae.
1211 2155 1308 2188 nasi<
1322 2165 1525 2202 pennarum
1545 2164 1647 2187 aures
1660 2157 1799 2199 postice

187 2207 428 2243 ambientium
452 2215 563 2257 nigra.
591 2209 780 2245 Pennulae
794 2209 863 2244 hae
882 2215 981 2257 ipsae
1001 2208 1190 2257 eleganter
1208 2216 1429 2259 variegatae,
1444 2223 1463 2245 a
1485 2209 1612 2244 rliachi
1627 2214 1737 2257 nigra.
1758 2212 1800 2245 In

1482 2266 1567 2312 Q2
