2054 2748
790 161 1217 192 MAMMAL1A.
1751 157 1805 200 25

273 251 317 284 In
340 248 389 284 D.
421 251 633 282 octocincto
660 256 696 282 ct
727 251 986 282 novemcincto
1017 246 1218 295 particulae
1252 246 1420 294 cingulos
1449 259 1713 296 componentes
1741 266 1804 301 pa-

201 305 535 353 rallelogrammata
556 311 686 340 sistunt
699 303 879 352 albaeque
894 313 987 338 sunt.
1008 306 1065 338 Ex
1079 304 1221 353 angulis
1241 316 1367 339 eorum
1388 304 1530 339 duobus
1545 314 1690 353 posticis
1712 309 1806 344 duae

202 363 321 398 lineae
346 372 541 398 excavatae
569 371 830 410 convergentes
862 360 920 396 vel
944 367 1064 408 potius
1096 361 1323 397 lanceolatae
1355 368 1475 397 antica
1503 375 1622 398 versus
1652 376 1805 409 exeunt,

202 432 358 468 quarum
376 430 530 468 utraque
555 430 711 468 quatuor
732 428 794 453 aut
812 423 975 466 quinque
999 429 1135 466 puncta
1158 419 1290 465 habet,
1313 425 1351 454 in
1371 419 1502 468 quibus
1524 420 1719 469 epidermis
1738 428 1805 458 im-

202 488 322 513 mersa
341 487 378 513 et
396 476 505 512 affixa
525 486 588 511 est.
617 475 702 522 (Tr.
722 473 814 521 Ed)

522 578 895 623 DASYPUS
947 578 1481 625 SEXCINCTUS.

272 672 337 706 DE
356 671 429 706 hoc
455 670 503 706 ad
521 676 669 706 iconem
691 683 803 720 quam
826 671 1031 707 Schrebero
1060 678 1163 718 misi,
1189 678 1283 708 varia
1300 678 1472 708 annotavi
1492 685 1538 708 ex
1551 677 1631 709 vivo
1647 674 1809 718 animali,

200 728 302 776 quod
329 727 393 762 ille
426 741 505 763 non
530 734 701 775 inseruit,
725 739 760 764 et
790 742 858 777 ego
889 735 973 778 quia
1004 735 1041 763 in
1069 731 1144 776 ejus
1173 729 1266 765 libro
1290 743 1350 764 me
1374 730 1556 765 lecturum
1584 731 1741 775 credidi,
1773 737 1811 765 in

199 791 339 833 scriptis
358 797 498 821 servare
518 785 677 833 neglexi.
703 785 802 820 Illud
823 793 993 832 memini,
1013 800 1149 835 penem
1171 786 1276 822 fuisse
1293 793 1394 836 quasi
1412 793 1450 822 in
1469 792 1602 835 spiram
1622 794 1811 834 intortum,

200 853 236 877 et
261 847 378 877 ventri
401 848 450 877 ita
470 843 721 891 applicatum,
748 853 789 878 ut
815 854 985 879 extensus
1016 843 1163 879 elastice
1193 844 1389 879 resiliendo
1413 857 1531 879 rursus
1559 843 1750 880 abdomini
1775 858 1812 880 se

199 899 410 947 applicaret.
446 899 602 935 Glandis
633 899 767 948 planae
799 900 1067 949 (compressae)
1098 914 1237 937 corona
1265 907 1368 950 quasi
1394 901 1565 936 scindens
1597 900 1714 937 forma
1740 902 1813 936 sere

201 962 328 1004 capitis
349 955 451 991 clavi.

272 1012 428 1060 Reliqua
460 1024 554 1060 quae
587 1018 740 1047 memini
773 1013 887 1059 olim,
927 1020 965 1048 in
995 1014 1244 1062 descriptione
1276 1027 1358 1050 mea
1390 1014 1536 1063 phocae
1572 1015 1746 1050 monachi
1774 1020 1814 1050 in

199 1069 442 1117 Besclu'iscig.
467 1069 539 1104 der
560 1070 823 1117 nacarforsclz.
847 1070 1118 1119 Gesellscliasc
1144 1074 1166 1107 I
1173 1072 1217 1107 V.
1243 1072 1329 1107 Vol.
1355 1072 1412 1108 ad
1429 1081 1571 1108 nocam
1588 1086 1624 1119 p.
1649 1074 1729 1115 480.
1758 1073 1813 1109 al-

197 1126 327 1175 legavi.

270 1185 401 1230 Figura
432 1183 539 1230 hujus
567 1189 718 1232 speciei,
743 1197 853 1233 quam
882 1183 1086 1220 Schrebero
1106 1192 1398 1231 communicavi,
1432 1192 1470 1221 in
1495 1185 1706 1233 Encyclop.
1733 1191 1813 1222 νηό-

201 1240 308 1276 chod.
334 1240 534 1288 chadrztp.
555 1241 609 1288 pl.
631 1242 771 1288 27.Jlg.
791 1248 822 1283 4.
842 1247 994 1275 nomine
1014 1241 1106 1275 falso
1137 1243 1269 1276 Tacoa
1289 1245 1315 1276 ὰ
1334 1243 1519 1276 dias-huic
1537 1242 1685 1276 bandes
1709 1256 1813 1290 repe-

198 1302 275 1331 tita.
302 1297 407 1330 Idem
420 1295 560 1330 animal
579 1296 682 1343 quod
706 1295 767 1329 hic
786 1296 860 1330 vidi
885 1306 921 1331 et
945 1297 992 1330 ad
1017 1296 1120 1344 quod
1141 1296 1255 1344 figura
1279 1309 1361 1331 mea
1381 1302 1477 1344 picta
1498 1307 1570 1341 est,
1599 1303 1708 1332 etiam
1731 1299 1814 1333 Buf-

197 1352 318 1386 sonius
339 1358 377 1384 in
398 1352 665 1396 supplementis
692 1351 766 1380 alio
787 1361 884 1381 statu
906 1358 1057 1394 pingere
1080 1352 1187 1390 secit3
1218 1362 1254 1382 et
1280 1353 1371 1383 haec
1396 1353 1509 1397 figura
1531 1352 1653 1386 denuo
1679 1358 1715 1387 ln
1735 1354 1814 1388 En-

197 1406 346 1454 cyclop.
368 1403 539 1439 me'clzod.
563 1402 643 1439 cab.
664 1402 719 1439 26.
737 1402 815 1450 fig.
838 1409 870 1444 4.
899 1401 966 1437 sub
988 1409 1140 1437 nomine
1169 1404 1301 1439 Ταιοιι
1324 1407 1352 1439 t'i
1370 1408 1433 1441 six
1456 1405 1606 1442 bandes
1627 1416 1812 1456 reperitur,

227 1461 399 1508 Tam.)

200 1463 221 1511 <
497 1541 855 1585 DASYPUS
903 1540 1511 1587 OCTOCINCTUS.

271 1634 405 1670 CAPUT
424 1639 698 1679 acuminatum,
718 1646 822 1669 aures
840 1633 1057 1683 elongatae,
1077 1634 1322 1671 conformatio
1343 1648 1577 1685 squamarum
1591 1667 1599 1683 ‚
1618 1637 1812 1688 longitudo

199 1692 338 1729 caudae
370 1691 555 1740 aequalis,
583 1693 684 1738 cujus
711 1704 884 1740 squamae
912 1692 1073 1737 duabus,
1100 1701 1136 1726 et
1164 1697 1203 1726 in
1233 1692 1403 1729 distracta
1428 1693 1541 1729 tribus
1567 1696 1726 1732 seriebus
1753 1709 1815 1733 aut

200 1749 346 1786 annulis
367 1754 594 1797 compositae
609 1776 617 1792 ,
633 1748 736 1795 digiti
754 1758 791 1783 et
809 1761 949 1796 ungues
968 1748 1141 1797 aequales
1153 1777 1162 1794 ,
1179 1756 1303 1785 omnia
1322 1750 1416 1785 mihi
1430 1752 1670 1800 persuadent,
1686 1755 1736 1789 D.
1754 1768 1815 1789 oc-

200 1813 406 1844 tocinctum
423 1815 460 1840 et
482 1811 783 1840 novemeinctum
800 1818 912 1841 unam
932 1806 1164 1854 eandemque
1179 1813 1339 1854 speciem
1361 1820 1446 1843 esse.

273 1865 425 1911 Figurae
447 1861 736 1897 Schreberianae
761 1863 891 1897 harum
911 1868 965 1899 uti
980 1872 1016 1899 et
1034 1863 1085 1898 D.
1101 1868 1284 1912 tricincti,
1303 1871 1478 1902 sexcincti
1500 1876 1537 1902 et
1560 1873 1812 1916 septemcincti

205 1921 252 1957 ad
268 1926 468 1970 specimina
482 1925 597 1955 musei
612 1925 685 1955 mei
704 1919 821 1955 sactae
839 1930 933 1957 sunt.

495 2024 772 2068 PHOCA
823 2025 1302 2070 MONACHUS.
1361 2027 1525 2072 Nobis.

276 2118 413 2165 Capite
445 2118 747 2161 immaculato,
778 2118 962 2154 dentibus
994 2118 1229 2154 incisoribus
1260 2121 1464 2168 acriusque
1490 2120 1686 2156 rnaaeillae
1710 2133 1811 2167 qua-

202 2181 316 2215 cnor,·
343 2174 493 2221 palmis
514 2174 702 2210 indivisis
716 2203 726 2217 ,
746 2176 901 2223 plancis
923 2177 1250 2223 exzmgatculacis
1262 2192 1282 2220 ,·
1305 2178 1402 2226 pilis
1426 2178 1714 2226 nigrlcatzcibus
1737 2180 1812 2212 sic-

203 2231 326 2265 cicace
342 2233 520 2267 surrectis
534 2231 810 2268 molliusculis.

1528 2289 1569 2324 D
