2054 2748
720 140 1169 170 AmrlrrssrA.
1663 144 1747 189 279

217 224 323 260 Alius
344 223 506 260 Coluber
527 222 697 272 parvulus
725 224 794 259 225
813 237 880 258 Ξ
905 224 968 260 105
990 233 1036 264 -4-
1062 223 1118 260 60.
1146 222 1377 271 longitudine
1397 224 1578 273 pollicum
1603 237 1746 275 septem

143 283 187 317 A.
213 283 311 329 1793.
340 287 444 316 initio
474 281 698 329 Septembris
724 280 998 316 VVaslenhemio
1024 286 1162 316 missus.
1189 282 1430 329 Comparatus
1458 295 1541 317 cum
1567 284 1640 318 alio
1673 283 1745 319 col.

142 345 280 374 natrice
304 343 447 374 circiter
474 337 753 386 octopollicari,
775 350 859 372 cum
881 350 953 386 quo
973 350 1140 386 squamas
1160 343 1287 386 capitis
1307 350 1450 386 prorsus
1468 339 1602 374 similes
1622 340 1746 377 habet.

142 395 385 443 Squamarum
405 401 503 443 paria
520 405 677 444 quatuor
695 395 762 430 sub
780 393 879 430 collo
904 393 1029 428 similis
1052 393 1189 429 formae
1208 407 1251 429 ac
1273 393 1442 429 dorsales.

214 453 414 500 Praecipua
443 452 646 487 differentia
673 458 711 487 in
734 452 871 487 colore.
899 450 1047 485 Collare
1068 451 1224 487 nullum.
1252 452 1387 486 Vertex
1413 461 1510 486 totus
1530 461 1624 497 ater,
1647 452 1747 488 lente

141 514 254 544 vitrea
282 519 465 557 spectatus
485 537 494 554 ,
525 508 709 557 profunde
743 507 1141 553 chalybeo-violaceus.
1183 507 1370 543 Fasciolae
1402 507 1499 542 dorsi
1527 518 1748 544 transversae

142 565 286 610 breves,
301 571 361 600 vix
381 565 475 601 ultra
490 575 582 610 1105,
598 575 756 613 quatuor
769 574 831 600 aut
851 570 1013 613 quinque
1029 576 1197 612 squamas
1213 564 1337 613 quoad
1351 575 1494 613 partem
1513 576 1749 613 occupantes,

142 628 181 658 111
200 621 441 657 anterioribus
469 631 593 657 tamen
617 627 726 657 etiam
755 634 819 657 sex
841 621 888 656 ad
911 621 1052 656 decem.
1080 622 1246 657 Numero
1267 621 1341 656 fere
1369 631 1518 657 centum
1544 631 1580 657 et
1599 622 1750 668 decem,

142 690 297 726 quarum
325 687 466 726 partem
491 677 564 713 fere
592 677 783 714 dimidiam
808 683 1049 727 posteriorem
1075 690 1153 713 non
1182 683 1251 713 nisi
1284 677 1386 714 lente
1411 684 1525 715 vitrea
1555 678 1751 727 distinguo,

142 734 270 769 Oculis
290 734 397 769 nudis
417 744 495 770 tota
514 734 579 770 illa
604 747 686 784 pars
709 735 808 770 fusca
830 734 902 770 fere
923 748 1013 783 pura
1033 734 1125 770 mihi
1146 746 1306 784 apparet.
1332 737 1471 772 Venter
1490 736 1640 784 glaucus
1666 748 1753 772 cum

142 791 214 826 levi
230 790 408 825 rubedine
433 791 506 839 (lie
524 792 572 827 de
588 795 663 828 ‘vin
680 792 728 827 ad
748 792 842 828 lilas
860 791 1031 840 vergens)
1054 798 1116 841 qui
1130 793 1196 827 sub
1218 792 1319 829 lente
1338 798 1449 830 vitrea
1464 793 1539 828 sere
1559 799 1664 828 aenei
1682 793 1750 828 ali-

143 847 233 897 quid
253 847 370 883 offert.
397 850 563 897 Utraque
580 859 769 885 scutorum
793 855 1019 894 extremitas,
1040 862 1111 897 qua
1134 862 1302 898 squamas
1324 856 1525 898 contingit,
1549 850 1653 895 alba,
1681 855 1752 885 mi·-

142 910 331 940 nutissime
352 915 538 953 punctata.
565 906 749 942 Punctula
766 912 870 954 nigra
893 917 930 942 et
948 912 986 942 in
1004 912 1187 942 anteriore
1206 913 1370 955 corporis
1387 918 1489 955 parte
1508 913 1641 955 passim
1661 920 1753 956 quo-

141 973 215 1010 que
236 961 320 997 alba
339 974 406 1010 per
427 972 547 998 totum
575 973 763 998 scutorum
790 964 942 998 discum.
971 966 1080 998 Certo
1101 962 1192 998 lucis
1214 963 1391 1010 adspectu
1415 975 1540 1010 margo
1564 973 1753 998 scutorum

142 1026 333 1065 argenteus
363 1026 524 1064 apparet.
561 1018 747 1053 Punctula
760 1024 864 1067 nigra
883 1019 1084 1054 duodecim
1102 1018 1150 1053 ad
1170 1018 1331 1053 sedecim
1346 1024 1385 1053 in
1399 1018 1564 1067 qualibet
1579 1031 1730 1068 squama
1742 1048 1751 1065 ,

139 1073 243 1122 quod
261 1078 457 1120 praecipue
477 1079 516 1107 in
534 1072 747 1108 lateralibus
767 1081 882 1119 magis
910 1080 1161 1119 conspicuum.
1188 1077 1231 1108 In
1246 1075 1371 1108 medio
1398 1075 1508 1109 dorso
1529 1084 1566 1110 et
1589 1082 1751 1111 maxime

140 1142 261 1167 versus
285 1133 509 1164 anteriorem
531 1134 695 1177 corporis
716 1138 859 1177 partem
891 1137 1070 1176 punctum
1098 1133 1244 1176 nigrum
1261 1129 1466 1164 distinctius
1494 1140 1578 1166 ante
1608 1137 1753 1179 apicem

140 1197 334 1235 squamae3
349 1184 451 1233 quod
466 1194 646 1232 punctum
656 1197 736 1220 non
750 1184 869 1221 colori
883 1184 1049 1231 debetur,
1059 1184 1123 1220 sed
1136 1185 1278 1222 videtur
1290 1191 1413 1234 potius
1428 1186 1650 1235 depressum,
1666 1188 1753 1227 licet

141 1244 208 1281 sub
228 1252 327 1279 certo
348 1241 526 1290 adspectu
544 1247 667 1290 potius
684 1241 849 1278 videatur
867 1254 943 1277 esse
966 1242 1168 1287 elevatum,
1191 1242 1294 1291 quod
1312 1253 1436 1278 autem
1455 1253 1553 1279 certe
1568 1257 1647 1279 non
1669 1256 1732 1283 est.

214 1302 346 1347 Margo
359 1298 533 1334 maxillae
552 1298 732 1335 inferioris
746 1304 906 1348 squamis
920 1311 984 1334 sex
998 1309 1185 1348 septemve
1201 1299 1385 1348 quadratis
1399 1299 1502 1335 albis.
1523 1299 1639 1349 Supra
1653 1301 1717 1338 has
1729 1316 1752 1340 a

140 1357 289 1395 naribus
302 1355 370 1392 sub
382 1355 498 1391 oculis
518 1365 554 1391 et
568 1362 736 1404 proxime
747 1356 833 1391 illos
846 1355 997 1391 fasciola
1009 1361 1111 1403 nigra
1122 1383 1131 1400 ,
1145 1365 1240 1391 retro
1256 1355 1434 1403 angulum
1449 1362 1520 1392 oris
1539 1362 1648 1392 trium
1662 1370 1752 1407 qua-

140 1425 270 1452 tuorve
295 1417 440 1448 circiter
460 1411 639 1447 linearum
662 1417 780 1460 spatio
801 1417 1002 1460 interrupta
1015 1438 1024 1456 ‚
1049 1421 1086 1446 et
1104 1417 1238 1446 sensim
1259 1422 1457 1448 contracta.

214 1469 374 1506 Ordines
391 1480 627 1517 squamarum
645 1469 903 1504 novendecim.
929 1469 993 1502 Iris
1012 1472 1316 1515 aurantio-ignea.
1345 1470 1463 1517 Caput
1482 1479 1652 1517 ovatum,
1671 1472 1752 1508 001-

141 1528 221 1564 111111
240 1525 560 1562 subconstrictum.
588 1525 756 1573 Utraque
775 1534 816 1561 ut
842 1530 880 1560 in
901 1528 1061 1569 natrice3
1091 1529 1142 1560 sic
1162 1534 1199 1561 et
1220 1524 1346 1561 cauda.
1374 1526 1494 1562 Tactu
1515 1526 1752 1568 mollissimus

143 1595 180 1621 et
198 1588 300 1633 quasi
319 1587 485 1617 sericeus.
511 1579 606 1616 Tela
629 1580 744 1617 nulla.

214 1638 352 1677 Differt
365 1651 386 1673 a
401 1637 647 1687 praecedente
666 1638 738 1674 col.
759 1638 875 1674 laevi:

219 1696 269 1744 1.)
290 1696 456 1731 Numero
480 1704 679 1730 scutorum.
707 1695 820 1742 Quod
834 1707 964 1744 parum
982 1706 1106 1744 urgeo.

215 1752 269 1800 2.)
292 1752 426 1786 Fasciis
441 1750 539 1786 dorsi
560 1751 794 1799 paucioribus
810 1780 819 1798 ,
839 1764 909 1788 nec
928 1751 1165 1788 solummodo
1186 1757 1239 1789 uti
1257 1756 1297 1788 in
1315 1758 1381 1790 ista
1399 1766 1445 1790 ex
1461 1762 1632 1805 marginis
1645 1770 1751 1808 squa-

140 1822 285 1848 marum
307 1807 500 1856 nigredine
526 1807 701 1844 formatis.

216 1865 270 1914 5.)
291 1865 410 1900 Scutis
430 1869 545 1913 magis
563 1864 799 1911 rubentibus,
823 1873 861 1901 et
881 1865 1085 1902 distinctius
1103 1871 1306 1914 punctatis:
1329 1867 1431 1916 quod
1444 1867 1537 1906 forte
1556 1870 1603 1907 ab
1621 1882 1749 1910 aetate,

218 1922 271 1971 4.)
294 1923 480 1958 Punctum
507 1922 556 1958 ad
573 1928 718 1971 apicem
743 1934 917 1972 squamae
943 1928 982 1958 in
1007 1929 1078 1959 isto
1105 1929 1220 1972 magis
1249 1923 1368 1960 colori
1396 1925 1522 1963 deberi
1548 1928 1690 1966 videtur
1714 1939 1752 1967 et:

142 1986 283 2031 saepius
303 1979 413 2016 deest.
1748 1985 1750 1987 ’

215 2038 268 2085 5.)
289 2036 455 2085 Nigredo
474 2041 638 2084 vertici5‚
662 2037 750 2074 licet
772 2046 881 2086 caput
902 2042 941 2071 in
959 2042 1028 2072 isto
1053 2036 1183 2072 elisum
1204 2043 1273 2084 sit,
1297 2037 1420 2074 deesse
1439 2039 1591 2076 videtur.

215 2098 400 2131 Convenit
419 2100 584 2142 margine
601 2093 775 2130 maxillae
792 2094 971 2130 inferioris
989 2093 1086 2130 albo.
1115 2095 1239 2131 Fascia
1253 2100 1355 2144 nigra
1370 2096 1437 2132 sub
1457 2097 1572 2132 oculis
1586 2105 1623 2133 et
1641 2107 1753 2136 retro:

215 2151 328 2189 Unde
342 2150 495 2187 dubium
509 2152 630 2187 adhuc
644 2165 692 2187 an
707 2152 878 2190 distincta
896 2158 941 2188 sit
955 2157 1104 2200 species.
1127 2152 1228 2201 (Col.
1248 2152 1389 2192 laevem
1409 2154 1519 2201 (lisse
1532 2155 1749 2205 Lacepedii)

144 2211 328 2258 juniorem
344 2207 435 2245 mihi
453 2221 530 2247 esse
550 2208 725 2257 videtur.)

1379 2264 1435 2301 LI
1461 2279 1484 2302 2
