2054 2748
772 175 1163 205 MAMMALiA.
1744 167 1771 210 5

244 258 281 295 S.
305 261 502 296 Paniscus
518 259 660 305 ficscus
672 286 685 302 ,
712 269 820 307 quem
839 258 908 293 Ao.
929 260 960 293 8.
989 258 1122 306 (1800)
1150 258 1314 304 obtinui,
1341 258 1436 306 pilos
1460 258 1570 294 habet
1591 262 1771 298 breviores

171 326 206 352 et
222 317 420 352 molliores.
448 316 518 351 Pili
541 321 706 364 inprimis
723 320 865 351 verticis
884 327 961 349 non
980 320 1028 350 ita
1046 321 1319 363 proeminenter
1337 321 1570 350 circumcirca
1585 323 1623 351 in
1643 320 1769 354 fronte.

241 373 312 408 Pili
342 379 380 408 in
410 379 515 421 nigro
540 373 658 408 multo
690 372 874 416 rudiores,
905 370 1112 418 longiores,
1142 384 1252 419 quam
1279 377 1317 406 in
1342 371 1467 415 fust-03
1497 378 1705 420 praeprimis
1733 382 1770 409 in

170 429 308 475 cauda,
331 442 425 478 quae
452 429 570 464 multo
594 428 757 476 pilosior.
784 428 919 462 Fuscus
946 439 1023 461 non
1048 427 1182 475 ubique
1202 428 1334 465 eodem
1361 428 1513 471 colore;
1538 435 1575 462 in
1600 430 1769 475 maxilla,

169 485 260 520 infra
283 498 406 531 aures,
437 485 503 534 pili
526 493 610 519 sunt
634 483 855 528 albicante53
880 483 992 518 latera
1020 496 1123 526 rava3
1149 483 1256 519 fascia
1287 485 1406 519 adhuc
1432 484 1583 519 dilutior
1605 491 1643 519 in
1669 497 1770 533 parte

167 548 354 589 superiore
379 548 488 576 cruris
507 552 627 575 versus
651 545 834 575 interiora.
861 539 930 574 Pili
950 545 988 573 in
1009 538 1109 574 fusco
1131 551 1250 575 versus
1277 553 1447 586 manum,
1470 547 1506 575 in
1524 547 1627 588 nigro
1651 555 1770 577 versus

169 598 334 633 cubitum
350 603 461 641 versi;
486 602 524 631 in
546 596 647 632 fusco
667 610 688 632 a
708 603 849 632 cervice
869 609 997 630 omnes
1015 596 1081 644 pili
1099 609 1220 631 versus
1237 603 1420 632 anteriora
1440 597 1587 641 directi3
1608 604 1645 632 in
1667 604 1770 646 nigro

168 664 293 690 vortex
308 659 345 688 in
365 658 521 701 occipite
537 681 545 698 ‚
560 653 623 688 ubi
641 653 706 703 pili
724 653 892 688 radiatim
912 653 1086 700 dispositi.
1104 653 1257 688 Brachia
1275 659 1313 688 in
1328 654 1427 689 fusco
1442 653 1626 701 longiores
1639 682 1647 698 ,
1663 655 1770 703 plan-

168 721 298 758 taeque
319 715 538 758 posteriores
562 710 732 755 latiore53
759 709 888 758 pollex
915 709 1026 758 paulo
1053 709 1192 745 fortior.
1222 712 1345 746 Facies
1375 718 1413 746 in
1439 720 1595 759 utroque
1619 711 1768 748 diversa.

169 767 319 814 (Trad.
337 766 466 813 Edit.)

564 851 789 894 SIMIA
839 849 1165 895 CEPHUS.
1225 851 1386 894 LINN,

238 948 362 993 QUAM
381 959 448 995 ego
468 947 568 993 1736.
588 960 654 995 per
672 946 817 995 aliquot
835 949 911 984 dies
930 948 1026 994 alui,
1041 948 1233 998 palpebras
1252 948 1380 984 habuit
1399 947 1535 992 nudas,
1557 946 1769 991 albicantes,

163 1016 242 1038 non
261 1009 392 1040 niveas.
422 1003 527 1039 Nihil
547 1003 697 1038 lunulae
720 1010 759 1039 in
775 1005 986 1054 superciliis.
1015 1006 1065 1040 Os
1085 1012 1239 1053 nigrum.
1267 1006 1391 1040 Facies
1410 1017 1487 1040 non
1503 1003 1609 1039 valde
1632 1009 1670 1038 in
1688 1003 1770 1038 lon-

163 1072 251 1108 gum
276 1060 466 1108 producta.
498 1059 598 1095 Pilus
630 1060 776 1107 mollis,
809 1067 1196 1109 cinereo-nigricans,
1227 1067 1438 1097 intermixto
1469 1060 1589 1096 badio,
1623 1061 1770 1095 Fasciae

163 1116 257 1151 duae
275 1117 404 1152 badiae
428 1123 466 1152 in
488 1122 624 1153 vertice
642 1130 742 1166 pone
767 1121 997 1165 conjunctae.
1024 1119 1141 1154 Pedes
1167 1124 1281 1166 magis
1305 1124 1409 1166 nigri.
1435 1120 1576 1153 Buccae
1604 1117 1685 1165 pilis
1707 1131 1770 1165 pa-

162 1172 256 1208 tulis,
284 1175 346 1208 Iris
379 1184 556 1210 castanea.
590 1176 691 1209 Cutis
716 1185 754 1210 et
780 1175 873 1210 basis
904 1176 1064 1224 pilorum
1092 1175 1426 1210 subcoerulescens.
1465 1177 1617 1222 Ungues
1643 1186 1770 1208 omnes

161 1230 361 1265 rotundati.
395 1231 546 1265 Clamor
566 1237 667 1279 quasi
692 1232 977 1267 monedularum
1001 1242 1306 1279 congregatarum-
1325 1231 1529 1265 affectionis
1557 1240 1593 1264 et
1615 1235 1768 1273 amoris,

163 1297 273 1332 quem
293 1292 439 1333 ignarus
459 1287 623 1321 crederet
645 1299 721 1320 esse
740 1293 829 1321 irati.
858 1287 973 1320 Sexus
992 1286 1160 1330 feminei,
1183 1296 1307 1320 tamen
1325 1286 1467 1318 feminis
1482 1296 1597 1331 acque
1612 1284 1768 1318 blandus

162 1352 197 1375 et
216 1347 352 1376 amicus
370 1355 412 1375 ac
434 1348 522 1374 viriS.
551 1342 714 1373 Indicen1
736 1343 892 1382 digitum
908 1341 1054 1370 amabat
1077 1347 1131 1370 ori
1150 1347 1327 1371 intrusum
1351 1351 1487 1383 sugere.
1515 1341 1638 1371 Minus
1659 1351 1768 1385 quam

160 1395 253 1430 aliae
271 1394 414 1428 ludicro
434 1398 585 1440 ingenio
602 1402 637 1427 et
658 1390 850 1440 petulanti.
878 1391 1051 1426 Manibus
1071 1391 1164 1425 nihil
1186 1397 1253 1439 ipsi
1278 1394 1484 1440 projectum
1509 1399 1652 1440 excipit.
1681 1395 1768 1429 Non

161 1450 278 1486 oculis
296 1459 332 1485 et
352 1449 517 1497 tripudiis
537 1448 775 1497 cupiditatem
795 1447 952 1482 aliorum
976 1447 1174 1483 Simiorurn
1193 1461 1296 1483 more
1312 1454 1491 1497 exprimit.
1520 1449 1673 1483 Nullam
1695 1451 1769 1486 vidi

160 1507 254 1542 adeo
274 1505 531 1554 tranquillam,
555 1515 591 1540 et
614 1517 708 1553 quae
731 1505 859 1540 mallet
878 1511 914 1539 in
942 1509 1080 1551 gremio
1109 1511 1232 1553 quieta
1255 1507 1395 1552 jacere,
1421 1518 1532 1554 quam
1552 1506 1767 1553 gesticulari.

160 1562 374 1598 placentam
396 1575 442 1596 ex
468 1568 544 1597 ovis
564 1572 600 1597 et
625 1562 739 1597 farina
759 1561 888 1596 frixam
915 1566 1101 1596 recusavit.
1130 1564 1295 1598 Uxorem
1317 1575 1438 1598 ineam
1467 1575 1578 1611 quam
1609 1562 1768 1598 multum

162 1624 316 1664 amavit,
346 1632 460 1667 quum
484 1619 685 1667 aliquando
715 1632 797 1653 eam
827 1623 1059 1663 semovisset‚
1083 1624 1166 1666 quia
1194 1619 1345 1654 ulterius
1373 1625 1510 1667 gremio
1535 1630 1674 1667 gestare
1691 1632 1768 1654 non

160 1676 311 1712 vacabat
323 1704 336 1721 7.
358 1676 487 1711 eadem
514 1688 661 1724 vespera
686 1676 870 1710 mordicus
896 1680 1071 1725 appetiit,
1105 1675 1220 1710 altero
1248 1686 1373 1712 tamen
1402 1677 1461 1711 die
1495 1676 1628 1711 eodem
1651 1676 1765 1711 modo

160 1742 200 1767 ut
219 1743 304 1767 ante
328 1732 550 1767 abblandita.
584 1734 648 1766 Me
675 1745 845 1780 quoque,
876 1732 962 1767 licet
986 1731 1193 1767 verberibus
1213 1732 1262 1767 ob
1286 1733 1323 1767 id
1350 1732 1487 1768 facinus
1510 1733 1766 1779 inulctassem,

160 1798 286 1824 tamen
314 1789 488 1836 postridie
509 1788 721 1823 deosculata
748 1798 810 1823 est.
837 1791 881 1823 Iis
902 1793 965 1836 qui
989 1787 1058 1823 sibi
1085 1788 1304 1836 displicent,
1331 1790 1463 1825 reflexa
1489 1802 1594 1838 supra
1619 1791 1767 1825 dorsum

161 1845 297 1889 cauda,
324 1851 527 1893 posteriora
557 1851 728 1893 porrigit3
755 1844 857 1893 quod
880 1850 1076 1893 praecipue
1109 1857 1192 1893 erga
1220 1845 1560 1895 pharmacopaeum
1580 1847 1767 1894 quendam

160 1901 324 1937 factitare
350 1901 511 1945 solebat3
535 1915 582 1936 an
606 1902 708 1949 quod
731 1901 846 1936 odore
870 1895 995 1949 aliquo
1026 1901 1341 1938 medicamentoso
1369 1903 1436 1938 sibi
1467 1903 1701 1951 displiceret?
1729 1903 1765 1938 Si

162 1963 241 2005 quis
262 1970 343 1991 eam
359 1970 379 1992 a
399 1970 436 1992 se
462 1964 693 2002 removisset,
715 1957 849 1992 eodem
869 1963 1050 1992 amicitiae
1073 1958 1235 1994 clamore
1257 1959 1427 1994 dolorem
1446 1973 1549 1994 suum
1572 1965 1762 2008 expressit,

161 2018 371 2049 intermixto
392 2024 514 2049 tamen
540 2014 715 2063 peculiari
738 2013 863 2062 aliquo
887 2021 1078 2062 grunnitu3
1106 2021 1215 2050 etiam
1243 2016 1348 2062 hujus
1373 2022 1426 2052 sui
1445 2027 1701 2064 contemptus,
1725 2024 1764 2050 ut

164 2068 231 2103 sibi
246 2070 383 2106 scilicet
397 2071 605 2116 videbatur,
625 2071 823 2106 vindictam
839 2073 1018 2106 morsibus
1032 2071 1168 2107 infestis
1182 2074 1352 2108 irruendo
1369 2084 1403 2109 et
1418 2073 1638 2108 clamoribus
1656 2076 1762 2118 cepit.

164 2125 290 2171 Ignota
316 2140 490 2176 corpora,
514 2141 641 2163 ranam
668 2127 880 2172 arboream,
910 2127 1142 2163 scarabaeum
1173 2129 1443 2165 melolontham
1462 2159 1470 2175 ,
1506 2136 1599 2164 inter
1625 2127 1762 2175 palmas

166 2189 201 2214 et
218 2189 463 2227 pavimentum
482 2191 578 2220 trivit
596 2195 632 2220 et
651 2184 849 2228 volutavit3
870 2189 1107 2233 posteriorem
1127 2191 1236 2220 etiam
1252 2187 1402 2221 tandem
1424 2191 1569 2222 voravit.
1597 2187 1762 2230 Captavit

165 2243 274 2272 etiam
296 2248 332 2273 et
349 2247 485 2277 voravit
504 2241 663 2288 objectas
685 2254 837 2277 muscas.
862 2243 1009 2277 Amavit
1030 2254 1115 2290 prae
1135 2242 1213 2279 aliis
1242 2256 1359 2290 pruna
1387 2243 1602 2278 damascena
1624 2244 1762 2288 praeci-
