2054 2748
776 133 1180 162 MAMMALIA.
1719 122 1774 179 69

176 231 406 256 commansus
421 228 497 264 est,
524 229 603 252 11011
623 222 746 264 tangit.
774 215 888 262 Quod
907 224 943 249 et
969 222 1095 251 iterato
1119 215 1305 251 observavi
1327 220 1364 249 in
1385 216 1541 263 simplici
1569 231 1663 266 pane
1691 231 1775 254 cum

173 278 346 313 saccharo
371 288 585 310 commanso
604 303 612 319 ,
639 274 725 309 licet
743 273 955 308 saccharum
976 278 1094 320 ipsum
1116 272 1221 308 valde
1245 282 1354 308 amet.

243 336 377 368 Baccas
399 332 581 367 sambuci
611 337 851 366 semisiccatas
876 328 1046 363 lubenter
1072 335 1218 365 voravit.
1245 331 1363 364 Etiam
1383 329 1545 364 radicem
1577 330 1774 367 brassicae

171 392 429 437 caulorapae,
456 395 650 438 praecipue
665 398 820 423 coctam,
847 385 906 420 Sic
926 394 962 420 et
982 395 1125 420 coctam
1145 386 1305 421 radicem
1323 386 1446 421 dauci
1466 397 1501 422 et
1518 390 1772 434 pastinacae,

171 458 420 482 scon-onerate
431 462 448 488 ,·
474 447 570 481 hanc
590 445 740 480 crudam
758 447 902 491 respuit.

242 503 418 538 Radicem
455 504 589 538 solani
626 500 818 535 esculenti
852 511 963 547 quam
995 497 1146 533 crudam
1178 510 1387 547 respuerat,
1431 510 1575 537 coctam
1605 501 1773 536 arrodere

170 567 313 608 coepit,
341 560 441 595 aliud
461 558 586 593 subtus
605 558 718 592 latere
741 562 958 601 aestimans,
985 555 1049 590 sed
1072 567 1161 589 mox
1188 562 1302 591 arrisit
1330 556 1384 591 illi
1404 556 1524 601 cibus,
1545 571 1631 593 nam
1659 572 1773 608 quum

168 617 282 651 semel
295 625 487 664 gustasset,
507 614 601 649 adeo
621 627 742 649 amare
762 619 884 662 coepit
896 641 904 659 ,
918 623 959 647 ut
973 618 1160 660 proposita
1175 625 1288 657 nuce,
1304 612 1390 647 dum
1407 612 1504 648 hanc
1522 616 1772 663 manducaret,

169 686 249 708 eam
269 672 417 720 quidem
438 677 639 719 acciperet,
674 671 737 706 sed
768 670 884 705 nihilo
912 675 1027 705 secius
1056 669 1218 704 radicem
1242 682 1368 705 vorare
1395 677 1636 707 continuaret.
1662 674 1770 709 Adeo

166 742 225 764 eas
244 728 462 777 appetebat,
494 738 534 763 ut
561 740 676 776 quum
703 738 826 763 coctas
854 727 1017 762 calentes
1047 736 1133 761 ante
1163 725 1348 761 cancellos
1374 739 1505 762 caveae
1535 728 1770 777 exhiberem,

165 784 289 833 lingua
316 795 487 833 protensa
514 784 689 833 lingeret,
712 784 815 832 quod
839 790 878 819 in
902 783 1007 819 nullo
1032 783 1104 818 alio
1128 783 1209 818 cibo
1239 783 1357 819 facere
1380 784 1463 820 vidi.
1490 785 1624 820 Parum
1645 793 1771 836 utique

165 842 236 876 cibi
255 842 326 876 hoc
350 842 408 876 die
426 852 534 877 antea
554 841 802 889 praebueram.

235 897 411 942 Amylum
430 898 599 932 arrodere
624 903 766 945 coepit,
785 897 849 932 sed
869 903 940 933 cito
962 898 1098 942 rejecit.

236 953 410 988 Phaseoli
434 954 619 1001 legumina
645 960 826 999 recentia,
850 960 926 1001 ipsa
950 965 1099 1001 quoque
1122 962 1244 987 torosa
1271 954 1347 999 ejus
1371 958 1530 1000 semina,
1559 966 1771 993 constanter

162 1015 296 1058 respuit
318 1009 462 1058 aliaque
483 1016 621 1045 semina
638 1009 868 1057 leguminosa
885 1022 963 1044 11011
985 1016 1111 1057 tangit.

233 1068 382 1102 Voravit
401 1066 571 1102 lubenter
589 1067 789 1102 trochiscos
808 1067 854 1102 de
876 1066 982 1102 acido
1002 1072 1091 1101 citri.

233 1124 480 1171 Epistomium
499 1123 692 1158 subereum
713 1123 797 1158 oleo
819 1123 997 1158 olivarum
1013 1122 1194 1158 imbutum
1211 1123 1342 1172 cupide
1358 1123 1476 1159 linxit.
1503 1127 1626 1170 Butyri
1641 1132 1769 1174 ingen-

162 1189 236 1213 tem
257 1192 412 1215 massam
434 1186 572 1216 arrosit.
599 1183 754 1215 Caseum
777 1190 927 1228 quoque
950 1179 1175 1214 helveticum
1201 1180 1265 1214 sed
1292 1180 1405 1215 modo
1427 1194 1500 1228 quo
1521 1188 1674 1217 cortices
1700 1196 1768 1216 nu-

163 1247 247 1269 cum
278 1236 395 1280 rodit,
422 1249 550 1271 omnes
578 1236 774 1284 particulas
807 1237 973 1280 rejiciens
1003 1241 1106 1282 quasi
1127 1235 1228 1270 aliud
1255 1236 1380 1271 subtus
1410 1248 1596 1282 quaerens.
1637 1239 1767 1272 Postea

162 1303 310 1339 quoque
334 1298 482 1328 voravit.

232 1348 374 1381 Hordei
393 1348 576 1393 pugillum
599 1353 827 1393 propositum
846 1360 923 1379 non
944 1353 1073 1392 tetigit.

230 1403 380 1437 Voravit
399 1411 434 1436 et
453 1414 540 1449 pyra
559 1411 595 1436 et
618 1413 740 1449 poma.

230 1459 380 1493 Voravit
404 1457 577 1506 globulos
597 1470 642 1492 ex
662 1458 794 1506 hepate
816 1467 943 1493 coctos
962 1462 1015 1493 uti
1037 1457 1129 1493 alter
1150 1456 1213 1492 ille
1234 1457 1333 1493 olim.

230 1516 273 1549 In
292 1514 479 1549 vasculum
499 1514 639 1563 glutine
666 1514 963 1563 bibliopegbrum
991 1514 1103 1562 pleno
1132 1515 1297 1550 incidens
1316 1515 1420 1550 avide
1441 1521 1652 1563 portionem
1679 1526 1763 1554 arri-

158 1577 237 1619 puit
255 1581 290 1606 et
313 1584 438 1608 vorare
461 1578 603 1620 coepit,
618 1585 707 1606 mox
722 1583 844 1608 autem
865 1572 1021 1620 reliquit.
1050 1573 1174 1620 Atque
1193 1572 1230 1606 id
1249 1578 1380 1608 iterum
1394 1573 1506 1620 paulo
1526 1584 1610 1621 post
1631 1576 1763 1611 eodem

156 1628 281 1663 modo.

230 1684 480 1732 Amygdalum
506 1685 599 1720 duro
627 1691 815 1732 putamine
836 1685 959 1732 ligneo
987 1684 1108 1719 adhuc
1129 1684 1310 1720 inclusum
1329 1685 1501 1721 arrodere
1527 1694 1672 1736 coepit,
1699 1691 1762 1726 sed

155 1747 263 1775 nimis
286 1754 444 1776 crassum
468 1741 674 1789 durumque
700 1741 857 1790 reliquit.
892 1741 1100 1790 Aliquoties
1124 1751 1249 1789 postea
1280 1742 1447 1778 oblatum
1472 1751 1659 1780 recusavit.
1689 1746 1761 1782 Sed

158 1797 220 1832 ubi
239 1797 340 1832 fissus
361 1807 437 1832 erat
459 1798 664 1846 divisusque
688 1808 835 1843 cortex,
851 1798 955 1834 avide
976 1798 1150 1832 nucleum
1169 1805 1317 1834 voravit.
1343 1801 1530 1847 Iutegrum
1549 1801 1760 1839 decorticat.

228 1854 426 1889 Cucullum
439 1854 673 1890 chartaceum
693 1854 894 1902 amygdalis
909 1854 1060 1904 plenum
1075 1854 1136 1888 ubi
1156 1855 1256 1900 vidit,
1278 1855 1510 1904 cupidissime
1528 1858 1674 1905 insiliit,
1690 1873 1759 1895 1160

160 1923 195 1945 se
218 1910 325 1945 avelli
346 1924 467 1958 passus
493 1922 545 1946 est
559 1940 567 1956 ,
589 1918 678 1960 quin
703 1911 901 1946 nonnullas
921 1924 1000 1946 suas
1020 1911 1155 1945 fecerit.

227 1967 435 2002 Dimidium
466 1981 620 2016 pomum
648 1968 935 2004 Porstorfianum
956 1967 1134 2013 abstulit,
1167 1978 1203 2002 et
1229 1981 1306 2003 non
1329 1975 1395 2004 nisi
1420 1980 1615 2020 postquam
1640 1982 1756 2007 totum

158 2023 431 2068 decorticasset,
458 2037 583 2059 vorare
606 2031 738 2073 coepit.
765 2024 963 2073 Reliquum
982 2024 1134 2060 defodit.
1161 2026 1305 2060 Eodem
1328 2027 1442 2062 modo
1461 2041 1625 2076 prorsus,
1651 2039 1755 2062 ante-

158 2091 266 2126 quam
289 2081 391 2126 edat,
418 2081 584 2129 deglubit
601 2092 794 2117 castaneas.

228 2138 441 2172 Castaneam
461 2149 608 2183 tenens,
635 2138 696 2173 ubi
717 2139 911 2187 praebetur
930 2137 1090 2185 juglans,
1115 2139 1211 2175 hanc
1235 2146 1330 2189 prius
1357 2152 1482 2186 vorat,
1508 2148 1612 2176 istam
1631 2150 1754 2176 autem

158 2190 274 2226 nihilo
296 2199 410 2228 secius
430 2195 559 2241 palmis
578 2206 718 2231 tenens
