2054 2748
783 142 1208 171 MAMMALIA.
1732 131 1789 177 65

187 234 319 265 nostris
340 234 377 263 in
395 226 604 276 regionibus
623 224 915 275 (Springmauss)
944 236 1024 259 mus
1046 225 1179 260 saliens
1202 234 1360 260 vocatur.
1390 224 1428 259 Si
1441 237 1526 273 ergo
1548 239 1633 262 mus
1654 238 1786 264 cama-

188 288 334 321 ricinus
361 295 397 319 et
434 284 678 319 meridianus
703 282 751 318 ad
777 294 886 329 genus
907 281 1051 329 dipodis
1074 281 1196 317 referri
1214 291 1419 326 merentur,
1446 282 1504 316 hie
1526 289 1635 318 etiam
1659 292 1788 321 mereri

186 342 337 378 videtur.
380 344 422 377 In
442 347 532 376 serie
559 340 689 376 saltem
713 345 892 383 murium,
931 348 966 373 et
994 344 1032 372 in
1056 345 1207 373 transitu
1234 344 1486 373 communium
1517 339 1564 373 acl
1592 340 1787 387 salientesg

185 404 367 446 insignem
397 403 586 433 constituit
620 396 808 432 annulum.
834 398 877 431 In
903 394 1057 443 planitie
1088 395 1250 430 habitare
1281 405 1378 430 amat
1415 401 1453 429 in
1484 395 1618 440 foveis,
1659 398 1787 444 quibus

183 454 315 490 hiemis
338 465 504 504 tempore
524 462 785 489 conservantur
804 464 913 500 rapae
937 451 1105 499 aliaeque
1128 452 1276 486 radices.
1312 451 1509 487 Cohabitat
1532 457 1641 486 etiam
1661 454 1788 500 apibus

183 518 222 546 in
242 512 462 556 alvearibus,
487 510 552 545 sed
574 514 732 556 noxius,
757 508 858 545 {avos
880 521 965 544 cum
987 507 1100 543 melle
1119 517 1182 543 aut
1197 507 1335 543 foetura
1360 509 1557 544 comedens
1573 537 1582 554 ,
1609 508 1788 545 referente

183 570 384 603 Hammero
408 579 542 615 genero
562 576 701 601 nostro.

256 623 451 659 Auriculae
495 622 731 671 subpilosae,
777 622 878 657 diseo
910 621 1035 656 'nudo¹
1089 623 1131 656 In
1162 620 1315 669 pedibus
1356 621 1598 657 anterioribus
1639 635 1789 658 verruca

182 687 279 715 inter
305 680 397 715 duos
416 680 547 727 digitos
569 679 714 724 media,
741 679 779 714 id
799 689 852 714 est
879 691 973 727 quae
992 684 1087 713 inter
1101 678 1305 713 secundum
1327 689 1362 714 et
1386 685 1532 714 tertium
1555 679 1709 726 digitum
1736 689 1788 714 est

181 743 295 784 magis
321 747 529 771 antrorsum
549 742 666 785 posita
683 750 691 780 3
717 747 800 784 post
820 736 922 771 basin
942 736 1140 783 digitorum
1161 735 1254 770 duae
1275 735 1469 784 obliquae:
1496 742 1533 769 in
1553 736 1647 783 pede
1665 747 1788 784 poste-

181 799 275 827 riore
296 800 407 838 item,
434 806 519 828 curn
539 799 667 841 quinta
694 806 800 841 supra
822 793 1038 841 pollicarem
1054 821 1062 835 ‚
1091 803 1126 828 et
1145 802 1246 827 sexta
1273 798 1415 827 minore
1433 805 1540 840 supra
1561 792 1663 827 illam
1688 794 1789 841 digiti

181 855 318 884 extimi.
352 852 432 884 Hae
455 860 612 898 quatuor
633 849 759 885 colore
785 850 896 898 paulo
923 850 1150 895 obscuriore3
1182 850 1275 885 duae
1303 850 1445 885 mediae
1467 859 1591 885 autem
1621 861 1657 886 et
1683 862 1788 888 ante-

179 912 292 941 riores
313 907 425 954 magis
444 906 615 954 pallidae.

254 963 379 997 Gauda
403 969 432 997 si
457 963 684 1007 detineatur,
712 969 827 998 cutim
850 965 926 1009 ejus
949 962 1053 997 facile
1077 972 1117 997 ut
1140 968 1178 997 in
1202 974 1304 997 mure
1328 961 1552 998 avellenario
1576 962 1727 1011 deglubi
1753 974 1788 999 et

178 1024 217 1053 in
242 1019 409 1053 manibus
431 1018 694 1067 prehendentis
718 1019 895 1068 relinqui,
916 1019 1112 1055 observavi.

248 1077 339 1110 Non
363 1075 482 1124 gliscit
503 1082 541 1110 in
564 1086 658 1111 terra
677 1105 686 1121 ,
712 1077 775 1111 sed
795 1076 990 1112 subsultim
1010 1076 1160 1111 incedit.

251 1132 404 1180 Duplex
435 1145 544 1181 parva
571 1132 708 1181 papilla
740 1139 834 1168 inter
858 1146 990 1179 nares,
1030 1132 1129 1167 lente
1158 1138 1269 1169 vitrea
1293 1131 1519 1181 spectanda3
1555 1144 1650 1182 quae
1671 1146 1720 1169 an
1749 1138 1787 1169 in

179 1187 258 1221 aliis
279 1201 428 1236 quoque
452 1189 566 1233 adsit,
590 1190 800 1224 videndum.

228 1244 390 1278 Nomine
414 1245 640 1278 Falzrmczus
664 1250 702 1278 in
725 1244 948 1292 Vogtlandia
975 1249 1153 1290 cognitus.

251 1300 322 1334 Ao.
341 1299 371 1334 5.
401 1300 524 1346 (initio
546 1300 730 1334 Februarii
757 1300 875 1346 1795.)
900 1306 937 1335 in
963 1306 1156 1334 seminario
1179 1298 1279 1334 horti
1302 1299 1620 1346 Argentoratensis
1648 1312 1783 1349 captus.

177 1356 230 1388 Ea
262 1355 386 1398 hyems
418 1354 638 1400 gelidissima
666 1354 758 1396 fuit,
792 1362 829 1387 et
856 1364 1064 1400 praegressa
1089 1363 1226 1387 aestate
1255 1359 1347 1387 mire
1380 1354 1612 1391 abundarant
1644 1369 1784 1401 mures,

179 1420 252 1444 tarn
276 1419 431 1457 agrestes
452 1437 460 1455 ,
488 1421 599 1458 quam
625 1409 826 1444 domestici.

349 1513 700 1557 SCIURUS
750 1511 1392 1556 FULVIVENTRIS.
1443 1514 1606 1559 Nobis.

252 1591 412 1626 Griseas
430 1619 443 1634 ,
480 1591 696 1626 abdomine
719 1591 865 1638 fulvo,
894 1589 1028 1625 canda
1051 1589 1259 1634 subcereci,
1286 1604 1444 1639 corpore
1471 1593 1660 1642 longiore.

245 1648 396 1695 Vulgari
414 1648 524 1696 paulo
545 1653 675 1682 minor.

246 1705 399 1739 Videtur
421 1704 469 1738 ad
501 1703 581 1738 illas
612 1709 749 1751 species
772 1708 978 1751 pertinere,
1006 1715 1095 1751 quas
1113 1703 1302 1739 Busfonius
1322 1709 1360 1739 in
1388 1705 1577 1754 Supplem.
1603 1709 1779 1747 V01.V11‚

179 1760 430 1807 Grelinguecs
448 1768 564 1794 vocat.
1273 1767 1275 1769 ’

247 1817 358 1851 Missa
383 1822 473 1851 eutis
502 1816 571 1851 Ao.
591 1815 622 1851 (5.
649 1815 790 1864 (1798.)
816 1828 836 1851 a
860 1815 1038 1862 Geoffroy
1056 1817 1219 1851 Parisino
1239 1818 1457 1855 professore.

522 1919 905 1964 SCIURUS
956 1920 1430 1968 VULGARIS.

804 1999 855 2042 V
848 2014 911 2041 ar.
957 2005 1154 2041 cinerea.

247 2089 408 2124 Varietas
437 2101 485 2124 an
511 2095 667 2138 species,
703 2089 842 2137 vulgari
865 2090 1056 2138 aliquanto
1085 2093 1203 2138 major
1231 2102 1267 2128 et
1295 2100 1476 2140 torosior,
1517 2095 1634 2142 digitis
1666 2099 1777 2130 etiam

176 2148 294 2179 minus
323 2145 537 2192 gracilibus,
564 2159 709 2194 prorsus
739 2153 883 2182 cinerea
901 2176 909 2192 ,
946 2147 1053 2182 dorso
1083 2158 1207 2184 tamen
1235 2156 1348 2198 magis
1378 2151 1499 2195 susm,
1532 2164 1600 2185 nec
1633 2164 1776 2199 prorsus

175 2207 416 2236 conveniente
448 2215 532 2237 cum
555 2203 620 2239 illa
650 2209 844 2250 vaaietate7
884 2215 977 2252 quae
998 2209 1037 2239 in
1064 2213 1285 2242 commercio
1310 2208 1516 2254 peric-gns
1535 2207 1654 2251 audit3
1680 2213 1774 2244 auri-
