2054 2748
323 172 371 203 'VI
931 167 1329 197 PRAEFATIO.

325 251 539 297 Civitatis
555 249 988 307 Argentorate11sis‚
1007 263 1149 306 quem
1165 259 1359 301 vocant,
1378 249 1609 307 Magistri,
1625 261 1820 297 naturae
1836 269 1931 299 non

320 319 478 362 minus
502 330 643 376 quam
672 315 782 371 juris
817 311 1028 359 consulti.
1062 314 1201 371 Quod
1230 315 1418 373 pietatis
1450 315 1662 360 officium
1693 318 1932 363 desidera-

323 384 506 427 tissimo
536 396 699 425 socero
729 391 971 438 praestans
991 415 1000 433 ,
1033 380 1219 424 confido
1250 395 1357 432 1116,
1392 380 1514 423 illius
1546 384 1803 427 memoriae
1836 401 1932 429 non

322 447 592 506 improbum
610 457 689 491 aut
707 447 940 503 ingratum
958 459 1134 502 ponere
1152 456 1530 499 monumentum,
1550 462 1637 490 1166
1656 448 1714 492 de
1733 450 1933 494 scientia

319 515 522 560 naturali
545 514 736 572 ejusque
755 510 1012 554 cultoribus
1031 510 1153 554 male
1172 512 1461 555 meriturum.

376 580 635 625 Exordium
657 578 715 621 ab
736 576 1021 621 animalibus
1046 579 1202 636 coepi,
1222 578 1283 621 ad
1304 577 1484 636 reliqua
1501 590 1830 636 progressurus
1848 595 1932 624 na-

320 658 451 691 turae
468 659 629 702 regna,
656 658 801 701 quum
826 643 1108 687 idoneorum
1131 643 1342 701 judicum
1365 642 1646 701 suffragium
1674 654 1721 687 et
1746 654 1932 702 tempo-

318 729 425 756 rum
449 710 700 754 secundior
717 723 830 751 aura
848 708 1028 753 faverit.
1059 710 1129 751 Ex
1147 708 1360 767 plurimis
1385 707 1444 752 ab
1463 719 1654 753 auctore
1670 709 1931 754 observatis

320 788 366 821 et
384 776 587 820 inventis
617 789 672 818 ea
693 789 812 833 quae
831 775 947 817 mihi
967 775 1181 832 graviora
1204 784 1250 818 et
1273 774 1333 818 ob
1359 774 1508 832 majus
1532 785 1829 817 momentum
1846 789 1933 832 pu-

319 843 442 887 blica
459 842 562 885 luce
580 856 690 899 prae
709 841 877 885 ceteris
895 841 1038 897 digna
1059 841 1162 883 visa
1183 850 1337 892 erant,
1363 840 1589 898 excerpsi.
1621 839 1773 882 Multa
1790 840 1840 882 in
1857 840 1931 882 his

318 919 427 951 sunt
454 922 641 965 prorsus
669 921 815 958 nova3
844 906 993 949 multa
1020 907 1134 949 item
1162 905 1264 948 aliis
1288 905 1384 962 jam
1408 904 1658 948 observata
1676 939 1685 956 ‚
1711 904 1793 947 sed
1812 905 1933 947 Her-

315 974 480 1016 manni
506 972 683 1030 lynceis
711 972 859 1014 oculis
889 971 1105 1015 subtilius
1131 971 1390 1030 perquisita
1415 980 1462 1013 et
1486 970 1670 1013 clariori
1699 969 1803 1012 luce
1830 969 1932 1012 col-

316 1038 520 1082 lustrata.
554 1038 690 1095 Quae
717 1037 879 1080 omnia
897 1072 906 1089 ,
939 1047 1168 1096 quantum
1197 1036 1352 1087 licuit,
1381 1050 1509 1078 1111116
1538 1035 1746 1077 maxime
1774 1034 1932 1076 denuo

315 1118 426 1147 cum
446 1104 557 1161 ipsis
575 1102 714 1146 rebus
739 1103 788 1145 in
810 1117 977 1145 museo
1001 1103 1196 1145 servatis
1221 1101 1517 1159 comparavi,
1542 1110 1588 1143 et
1605 1115 1715 1143 cum
1732 1099 1933 1142 aliorum

314 1170 558 1228 ipsiusque
576 1168 842 1212 Hermanni
865 1167 1050 1225 scriptis
1069 1167 1268 1219 contuli,
1287 1181 1347 1210 ne
1366 1166 1480 1225 quid
1502 1165 1561 1208 ab
1585 1165 1688 1208 aliis
1707 1165 1801 1221 jam
1819 1164 1931 1206 satis

312 1233 621 1291 probabiliter
637 1243 718 1275 aut
734 1233 793 1275 ab
818 1242 1006 1275 auctore
1028 1233 1130 1290 ipso
1150 1233 1339 1289 publice
1366 1241 1616 1274 tractatum
1633 1230 1931 1287 reciperetur.

312 1297 457 1353 Quod
487 1298 525 1338 si
554 1296 669 1353 quid
693 1296 965 1350 hujusmodi
996 1297 1280 1347 occurrerit,
1314 1296 1550 1352 singulare
1581 1296 1671 1338 viri
1699 1295 1747 1336 in
1773 1294 1934 1337 obser-

312 1359 471 1403 vando
488 1371 691 1399 acumen
708 1367 755 1397 et
777 1360 827 1395 ill
849 1359 1166 1395 describendo
1188 1360 1430 1395 luculenta
1456 1358 1690 1395 subtilitas
1715 1368 1766 1396 ut
1790 1371 1934 1411 appa·-

313 1432 437 1468 reret
454 1457 463 1473 ‚
488 1420 626 1464 nobis
660 1420 709 1461 in
732 1418 890 1460 animo
913 1416 1029 1468 fuit;
1065 1431 1164 1459 non
1194 1431 1299 1459 raro
1327 1431 1512 1475 quoque
1529 1451 1538 1468 ‚
1573 1426 1623 1458 ut
1653 1418 1933 1461 Hermanno

313 1497 477 1532 nostro
493 1483 820 1544 protopraxiae
841 1482 994 1525 honos
1022 1490 1068 1525 et
1094 1482 1164 1539 jus
1184 1482 1234 1524 in
1262 1495 1347 1524 sua
1371 1481 1705 1525 vindicaretur.
1737 1482 1845 1539 Qua
1871 1482 1930 1529 de

316 1567 484 1598 caussa
496 1550 721 1607 temporis
733 1557 988 1598 momenta,
1002 1546 1171 1605 quibus
1186 1561 1400 1606 quaeque
1418 1547 1545 1590 facta
1558 1546 1828 1593 observatio
1846 1558 1930 1601 est,

317 1627 547 1678 quantum
567 1615 666 1658 fieri
684 1614 834 1673 potuit
852 1649 861 1665 ,
885 1623 1043 1657 notata
1061 1621 1181 1655 sunt.

401 1683 557 1726 Nimis
588 1680 804 1737 religiose
833 1677 1152 1735 f‹‘›rsan.plura
1186 1677 1392 1720 admissa
1411 1712 1420 1729 ‚
1459 1691 1579 1735 quae
1611 1676 1768 1735 qualia
1800 1692 1929 1721 nunc

318 1758 427 1792 sunt
443 1783 452 1799 ‚
473 1746 670 1789 minoris
695 1743 988 1788 aestimanda
1008 1743 1193 1801 possint
1213 1741 1390 1793 videri3
1414 1756 1533 1800 quae
1561 1742 1600 1785 si
1628 1743 1718 1800 ipsi
1747 1743 1929 1785 auctori

316 1813 534 1856 ultimam
558 1812 797 1868 imponere
820 1823 1015 1851 manum
1038 1807 1249 1850 licuisset
1266 1842 1275 1859 ,
1308 1807 1620 1850 luculentiora
1637 1806 1766 1849 haud
1784 1806 1928 1851 dubie

317 1888 451 1922 erant
472 1876 722 1935 proditura.
755 1875 847 1918 Sed
872 1889 961 1918 nec
989 1887 1062 1916 res
1091 1886 1179 1915 nec
1203 1886 1472 1915 sermonem
1489 1881 1568 1914 aut
1595 1871 1739 1915 verba
1763 1881 1927 1915 aucto-

316 1945 380 1988 ris
414 1944 663 1986 immutare
699 1940 824 1984 volui
843 1975 852 1992 ,
895 1949 943 1983 61
972 1939 1167 1990 omnia,
1208 1938 1276 1980 uti
1308 1951 1365 1980 ex
1396 1937 1578 1980 calamo
1607 1937 1927 1995 profluxerunt

318 2009 519 2066 eleganti
539 2042 547 2059 ,
594 2006 862 2064 scrupulose
906 2013 1180 2048 conservata
1216 2002 1294 2045 hic
1333 2012 1384 2044 ut
1419 2003 1760 2060 reperirentur,
1807 2002 1925 2045 mihi

317 2074 552 2116 maximae
571 2072 661 2114 fuit
683 2085 833 2114 curae.
866 2070 985 2127 Quis
1009 2084 1106 2112 non
1129 2078 1254 2111 amet
1276 2082 1303 2109 a
1320 2068 1399 2110 tali
1417 2069 1519 2111 viro
1542 2067 1761 2111 inchoata
1783 2068 1926 2110 etiam

321 2150 368 2182 et
395 2137 694 2189 adumbrata,
733 2137 771 2179 si
804 2136 870 2179 illi
903 2152 1000 2178 non
1028 2134 1161 2177 licuit
1187 2132 1398 2192 perfecta
1431 2142 1602 2175 cuncta
1634 2143 1680 2175 et
1712 2131 1926 2175 absoluta

319 2203 607 2262 relinquere?
625 2202 865 2247 Nonnulla
882 2210 1066 2245 tantum
1083 2215 1141 2244 ex
1152 2199 1421 2257 germanico
1434 2208 1514 2242 aut
1525 2198 1693 2256 gallico
1710 2212 1925 2242 sermone
