2054 2748
294 162 378 206 522
680 153 1151 186 OBSERVATIONES
1198 153 1556 184 ZOOLOGICAE.

286 251 487 294 pinnarum
505 240 736 278 ventralium.
764 242 905 275 Pinnae
931 239 1154 287 pectorales,
1175 237 1356 274 ventrales
1375 247 1412 273 et
1430 237 1546 273 analis
1565 236 1777 286 pallidiores
1796 248 1907 286 quam

286 309 323 337 in
347 300 591 351 praecedente
614 305 744 347 specie.
780 298 843 332 Iris
865 295 1074 332 subcitrina.
1101 295 1289 346 Opercula
1305 301 1363 332 vix
1379 301 1514 331 striata.
1543 293 1657 330 Color
1674 306 1909 343 squamarum

288 366 403 408 magis
422 367 617 407 argenteus
636 356 722 390 albo
744 353 1011 389 coerulescens.

360 418 502 452 Pinnae
530 411 726 463 pectoralis
750 411 842 446 radii
868 412 919 446 15.
941 409 1113 446 ventralis
1132 421 1164 458 9.
1183 409 1298 445 analis
1319 423 1372 445 io.
1394 408 1548 445 dorsalis
1562 420 1595 456 9.
1619 407 1782 443 caudalis
1805 407 1861 443 23.

362 476 474 509 Linea
498 470 657 507 lateralis
685 475 724 504 in
753 468 898 503 decimo
929 468 1060 503 ordine
1089 479 1324 516 squamarum
1343 478 1564 512 occurrens,
1583 475 1621 501 et
1644 470 1683 500 in
1701 464 1769 500 hac
1788 469 1911 512 specie

289 531 336 568 ab
356 538 462 567 initio
478 533 592 576 magis
614 526 775 562 declivis.
798 527 911 561 Linea
933 525 1093 561 lateralis
1113 535 1286 560 constans
1301 523 1487 573 glandulis
1502 522 1743 572 quadraginta
1762 533 1911 567 novem,

289 589 378 625 licet
398 598 495 624 totus
517 590 623 634 piscis
642 589 763 619 minor
789 589 844 618 sit.
872 585 1133 619 Peritonaeum
1154 588 1295 617 tenuius
1314 591 1544 630 punctatum.
1573 579 1794 615 Membrana
1816 590 1910 627 quo-

290 661 361 697 que
377 659 444 680 ova
464 643 656 679 involvens
671 648 816 690 punctis
836 646 947 689 nigris
962 645 1212 675 minutissimis
1233 648 1418 688 punctata.
1889 627 1899 639 ⁸

360 700 600 738 Schnotfisch
616 701 985 747 Argentoratensium
1005 703 1215 732 nominatur
1229 709 1249 731 a
1266 695 1516 731 Dulmmelio
1529 694 1682 737 Peclae,
1695 694 1736 729 P.
1751 694 1794 728 II.
1809 692 1910 728 S.VI.

290 775 326 811 p.
352 761 426 803 146.
454 759 528 794 Sed
547 764 632 793 satis
648 764 774 805 inepte
793 756 839 791 ad
859 755 1018 790 mullum
1035 753 1208 799 refertur,
1232 753 1333 801 quod
1354 765 1468 801 genus
1485 751 1593 801 plane
1608 756 1838 797 incognitum
1859 758 1913 784 est

289 819 432 854 Rheno.
460 819 507 852 Et
527 828 615 851 sane
635 821 750 850 nostri
772 812 1032 849 Schnotfische
1049 824 1115 861 pro
1132 810 1299 846 delicatis
1316 810 1475 858 piscibus
1497 819 1687 856 nunquam
1704 806 1894 841 habentur.

363 877 475 911 Piscis
496 886 608 923 quem
637 873 763 907 Hasle
791 877 946 906 nomine
966 882 1083 919 prope
1111 867 1337 903 Colmariam
1366 873 1405 901 in
1435 866 1550 901 Fecht
1570 865 1679 900 fluvio
1702 873 1852 912 captum
1875 874 1913 897 se

290 933 493 969 comedisse
524 932 632 966 frater
662 930 865 965 Fridericus
890 928 1015 963 scribit
1042 925 1187 974 (1794.)
1210 925 1256 959 ad
1281 931 1397 973 pisces
1420 923 1526 959 albos
1550 922 1729 966 relatum,
1761 920 1825 955 sed
1845 919 1914 955 ali-

291 999 431 1038 quanto
454 988 649 1022 meliorem
663 1013 671 1029 ‚
691 997 844 1019 numero
862 990 1018 1018 nonario
1034 983 1221 1017 radiorum
1243 987 1377 1028 pinnae
1392 980 1546 1015 dorsalis
1560 1008 1568 1022 ,
1585 989 1621 1015 et
1636 978 1816 1013 rubedine
1829 982 1913 1025 pin-

289 1058 420 1081 narum
433 1071 441 1087 ‚
462 1054 608 1090 prorsus
627 1053 710 1074 cum
732 1039 976 1086 praecedente
991 1037 1128 1069 Haesel
1148 1036 1401 1069 Basiliensium
1417 1039 1600 1067 convenit.

364 1103 506 1136 Piscem
528 1095 662 1132 Haesel
684 1106 822 1128 nomen
840 1106 860 1127 a
881 1092 1068 1126 celeritate
1093 1089 1275 1138 lepusculi
1292 1088 1517 1133 obtinuisse,
1542 1087 1651 1122 refert
1673 1088 1914 1125 Fischhtzcla-

292 1160 373 1194 lein
397 1156 460 1191 fol.
483 1158 519 1190 Β.
542 1156 601 1190 ΙΙΙ.
621 1152 687 1188 fac.
706 1165 737 1187 a.
764 1161 805 1186 ut
824 1150 917 1185 adeo
948 1161 1089 1183 nomen
1118 1147 1191 1182 hoc
1219 1145 1292 1180 sere
1321 1145 1470 1180 credam
1492 1150 1615 1193 potius
1640 1145 1687 1180 ad
1715 1145 1916 1181 leuciscum

292 1222 354 1265 qui
379 1212 498 1248 Gallis
518 1211 568 1246 ob
591 1209 749 1245 eandem
771 1206 999 1242 celeritatem
1031 1205 1066 1239 le
1093 1204 1195 1239 dard
1213 1203 1366 1247 dicitur,
1391 1208 1585 1251 pertinere.
1612 1204 1772 1237 Piscium
1791 1213 1917 1239 tamen

292 1280 477 1309 mercator
500 1268 653 1317 quidam
676 1264 768 1300 1111111
796 1272 976 1299 asseverat
995 1261 1250 1298 Basiliensium
1274 1260 1409 1296 Haesel
1433 1270 1469 1296 et
1488 1270 1658 1296 nostrum
1677 1259 1916 1296 Schnotfisch

293 1329 433 1379 oppido
459 1332 574 1376 pisces
594 1324 746 1360 eosdem
762 1334 848 1356 esse.

366 1388 499 1433 Neque
523 1383 746 1425 leuciseum‚
774 1388 941 1414 nostrum
957 1378 1077 1422 Furn‚
1100 1388 1221 1424 neque
1242 1375 1442 1421 dobulam‚
1467 1368 1636 1411 nostrum
1655 1374 1916 1422 Schnotfiseh‚

291 1444 405 1481 habet
427 1441 610 1477 Blochius.

368 1499 523 1537 Dobula
539 1526 548 1543 ,
579 1498 615 1531 le
641 1497 743 1543 petit
765 1493 966 1533 meuniem
995 1489 1215 1525 chavanna
1239 1500 1291 1522 ou
1315 1487 1558 1536 garbotteazc
1578 1515 1589 1530 ‚
1616 1500 1808 1536 nunquam
1833 1488 1916 1537 plus

294 1570 407 1609 quam
433 1555 584 1591 bilibris.
615 1554 780 1600 Topogr.
806 1548 995 1583 d’Oltvec.
1019 1560 1052 1595 p.
1074 1560 1131 1594 77.
1157 1548 1260 1580 Haec
1286 1550 1440 1581 nomina
1461 1544 1597 1593 gallica
1615 1545 1664 1581 ad
1684 1545 1915 1581 suumJesen

296 1629 343 1651 ex
362 1611 590 1651 Duhamelio
612 1609 722 1645 refert
737 1605 913 1642 Bloehius
929 1606 987 1640 111.
1010 1617 1045 1652 p.
1065 1615 1140 1651 129.

477 1723 889 1773 CYPRINUS
939 1717 1530 1765 ORTHONOTUS
1576 1717 1738 1761 Nobis.

373 1842 512 1876 Pinna
530 1837 648 1873 (mali
667 1834 897 1882 dorsalique
916 1832 1039 1868 radiis
1063 1844 1231 1866 novem:
1258 1831 1373 1865 dorso
1390 1831 1617 1865 tectissimo.

371 1900 481 1934 Dors
496 1909 528 1943 q.
552 1897 650 1930 Pect.
672 1901 722 1935 14.
751 1893 878 1926 Ventr.
896 1904 930 1938 ς).
958 1888 1066 1924 Anal.
1083 1902 1114 1936 9.
1143 1888 1256 1923 Caud.
1273 1901 1327 1923 20.

370 1958 485 1991 Linea
509 1951 668 1988 lateralis
691 1949 863 1985 inferiora
883 1960 1005 1982 versus
1024 1959 1209 1991 convexa,
1225 1958 1244 1979 e
1260 1950 1410 1993 regione
1428 1949 1625 1992 pinnarum
1641 1942 1859 1978 ventralium
1876 1948 1914 1978 in

299 2013 429 2050 ordine
451 2021 686 2060 squamarum
710 2020 812 2042 nono
835 2011 912 2041 sita.
941 2004 1000 2039 Ab
1021 2017 1063 2039 ea
1078 2015 1193 2051 usque
1217 2003 1264 2037 ad
1287 2002 1451 2037 medium
1473 2006 1608 2036 ventris
1630 2000 1774 2035 ordines
1794 1999 1915 2035 adhuc

299 2084 382 2107 sex:
411 2082 497 2117 ergo
519 2074 556 2102 in
575 2072 784 2101 universum
799 2063 1023 2112 quindecim.
1053 2061 1168 2096 Arcus
1183 2065 1354 2106 marginis
1369 2070 1602 2106 squamarum
1618 2070 1705 2091 arcu
1724 2055 1914 2092 0011111118-

299 2132 365 2176 jor.
393 2130 541 2163 Inilium
560 2130 695 2173 pinnae
716 2121 869 2157 dorsalis
888 2132 1017 2169 parum
1038 2129 1135 2154 retro
1152 2122 1296 2152 initIum
1317 2120 1451 2163 pinnae
1472 2113 1652 2149 ventralis.
1680 2113 1844 2148 Dorsum
1863 2120 1915 2149 vi-

299 2198 453 2221 rescens.
482 2185 611 2217 Cetera
633 2190 813 2227 argentea.
841 2177 1053 2226 Longitudo
1069 2174 1251 2225 pollicum
1266 2173 1444 2210 tredecim
1458 2186 1465 2217 ;
1480 2171 1637 2207 latitudo
1659 2170 1816 2206 duorum
1829 2170 1914 2220 pol-

302 2244 414 2278 licum
435 2253 520 2276 cum
536 2238 700 2276 dimidio.
736 2278 739 2281 Ι
