2054 2748
304 126 386 171 288
670 134 1130 170 oBsERvATmNES
1174 136 1531 168 ZOOLOGICAE.

302 237 322 259 a
342 228 490 258 nemine
509 231 608 258 recte
632 222 802 271 descripti
826 231 931 265 sunt,
954 225 1023 255 nisi
1048 220 1140 255 forte
1164 226 1202 255 in
1222 222 1435 256 Ille'moires
1462 221 1510 255 de
1529 220 1789 257 l’Acade'mie.
1817 222 1901 271 Sepi

304 290 340 316 et
360 279 520 315 chalcidi
547 292 632 329 prae
652 280 730 315 aliis
761 279 808 313 ob
828 289 1060 326 squamarum
1083 278 1238 313 sormam
1256 307 1264 324 ,
1293 278 1456 313 colorem
1472 306 1481 324 ,
1504 284 1701 327 viviparam
1716 288 1902 326 naturam,

303 342 521 385 propinqua.

377 395 507 443 Reperi
527 395 595 429 Ao.
615 394 657 427 V.
683 392 805 439 (1797.
827 391 860 426 d.
885 403 940 439 29.
964 391 1055 438 Jul.)
1084 398 1271 440 specimen
1296 391 1466 437 rubrum,
1492 391 1566 427 fere
1595 397 1719 440 cuprei
1747 392 1903 437 coloris,

304 463 398 499 apex
413 451 549 486 caudae
564 449 689 484 subtus
704 458 779 484 erat
793 454 904 496 niger.
926 449 1049 495 Quum
1069 461 1251 497 caperem,
1267 462 1420 485 manum
1433 449 1574 497 liquido
1591 459 1750 484 stercore
1763 448 1903 484 foetido

304 518 518 556 pei-cacavit.

575 586 889 630 ANGUIS
931 555 1450 628 BRACHYURA.
1486 584 1645 627 Nobis.

379 671 447 710 340
474 682 540 702 z
567 669 636 703 330
662 677 708 707 -†-
740 682 790 704 10.

380 725 494 759 Color
521 730 647 772 anguis
675 724 829 771 fragilis,
856 723 920 758 sed
941 723 1124 771 pallidior.
1159 722 1279 757 Oculo
1299 732 1439 757 armato
1463 721 1597 757 lineata
1625 731 1795 770 apparet,
1825 726 1909 770 quia

307 782 519 830 :spunnnlae
533 782 656 816 medio
677 781 944 816 ruso-cinereae
963 786 1165 827 marginem
1180 785 1252 815 sive
1269 784 1460 813 interstitia
1474 778 1671 813 albicantia
1686 778 1908 825 relinquunt.

308 842 425 886 Caput
458 839 572 874 cauda
594 844 789 886 angustius.
822 837 947 872 Gauda
978 836 1206 871 obtusissima
1233 835 1442 869 brevissima
1465 847 1567 870 more
1595 839 1721 881 anguis
1746 833 1909 879 scytales.

305 896 517 944 Longitudo
537 896 749 943 spithamea.
777 898 960 930 Crassities
979 905 1134 942 pennae.
1160 894 1217 927 Ex
1239 892 1483 936 Ramsayanis.

643 989 957 1031 ANGUIS
1001 987 1386 1031 XIPHURA.
1433 986 1595 1027 Nobis.

382 1071 827 1106 ffi‹)o:..-...—4—...

381 1126 542 1159 Postice
561 1125 732 1158 crassior
742 1121 876 1156 cauda
891 1132 1115 1168 compressa
1131 1148 1141 1162 ,
1163 1131 1323 1167 corpore
1341 1118 1505 1154 annulis
1521 1119 1662 1165 fuscis.

383 1182 479 1216 Tam
508 1191 681 1215 numerus
708 1189 962 1227 squamarum,
992 1189 1103 1225 quam
1128 1176 1233 1211 locus
1264 1176 1395 1211 natalis
1421 1175 1598 1212 diversam
1626 1187 1702 1211 esse
1735 1175 1870 1212 docent
1893 1190 1915 1213 a

310 1237 504 1274 laticanda.

383 1295 473 1329 Duo
495 1298 693 1342 specimina
714 1304 758 1326 ex
778 1289 1053 1339 Tranquebaria
1074 1295 1200 1338 accepi
1221 1301 1301 1324 cum
1319 1288 1473 1324 colubro
1494 1290 1587 1335 naja.
1615 1290 1737 1336 Major
1753 1289 1915 1337 longitu-

312 1352 399 1387 dine
419 1357 544 1398 viginti
565 1350 745 1398 pollicum
768 1358 804 1382 et
830 1347 992 1391 dimidii;
1015 1346 1143 1382 annuli
1166 1352 1388 1394 nigricantes
1407 1352 1595 1393 sexaginta
1616 1358 1695 1391 sex,
1717 1353 1917 1394 posteriore

313 1414 476 1457 corporis
505 1413 543 1441 in
564 1416 664 1454 parte
690 1417 794 1453 supra
816 1414 851 1438 et
880 1403 968 1437 infra
991 1402 1237 1446 confluentes,
1261 1411 1302 1436 ut
1323 1407 1480 1448 spatium
1510 1401 1635 1436 album
1658 1403 1918 1438 intermedium

313 1464 498 1500 maculam
513 1472 657 1499 ovatum
674 1458 1014 1509 perpendicularem
1033 1458 1177 1492 formet.
1205 1460 1376 1504 Corporis
1396 1463 1583 1496 anterioris
1599 1464 1773 1493 crassities
1787 1459 1918 1494 calami

315 1526 516 1569 scriptorii,
534 1524 652 1566 capite
673 1522 804 1564 exiguo
819 1544 826 1561 ,
846 1515 946 1549 collo
966 1514 1182 1548 indiscreto:
1203 1518 1411 1560 posterioris
1424 1519 1585 1560 corporis
1598 1526 1677 1561 pars
1694 1514 1808 1562 duplo
1825 1528 1919 1550 cras-

314 1584 396 1614 sior.
429 1577 606 1624 Squamas
626 1578 811 1608 numeravi
834 1584 948 1620 usque
971 1578 1008 1605 in
1035 1570 1197 1604 medium
1227 1581 1358 1616 corpus
1373 1597 1382 1613 ,
1404 1579 1439 1604 et
1463 1575 1578 1616 reperi
1611 1579 1812 1616 trecentas,
1840 1582 1919 1606 tum

315 1634 520 1671 taediosum
547 1632 712 1669 laborem
733 1629 873 1677 reliqui.
909 1629 1031 1674 Quare
1050 1638 1204 1662 numero
1230 1625 1390 1661 rotundo
1419 1635 1612 1661 sexcentae
1631 1639 1803 1674 squamae
1828 1634 1919 1675 poni

315 1700 479 1740 possunt.

390 1748 546 1781 Minoris
567 1743 762 1791 longitudo
785 1743 913 1777 decem
936 1740 1117 1790 pollicum
1138 1749 1174 1776 et
1194 1739 1355 1784 dimidii,
1377 1750 1412 1775 et
1431 1744 1605 1774 crassities
1630 1745 1918 1788 proportionata.

317 1802 459 1840 Annuli
480 1812 620 1837 tantum
641 1805 906 1849 qninquaginta
928 1808 1088 1846 septem,
1117 1797 1225 1832 dorso
1254 1797 1422 1841 latiores,
1447 1797 1646 1831 abdomine
1674 1802 1919 1845 angustiores,

318 1859 573 1896 intermediam
592 1863 782 1905 regionem
806 1869 882 1890 non
902 1865 1045 1891 ovatam
1065 1853 1321 1899 includentes,
1345 1853 1409 1888 sed
1427 1859 1551 1901 potius
1572 1852 1787 1888 lunulatam.
1811 1855 1920 1890 Forte

318 1930 395 1952 mas
417 1926 451 1951 et
474 1916 615 1949 femina.
645 1917 703 1949 Ex
729 1916 827 1949 Java.

394 1974 515 2019 Quam
534 1972 631 2005 utilis
657 1977 700 2006 sit
723 1973 928 2005 numeratio
949 1978 1202 2015 squamarum,
1225 1966 1436 2015 exemplum
1458 1971 1585 2014 anguis
1604 1966 1710 2012 hujus
1732 1966 1920 2015 Xiphurae

323 2029 515 2065 ostendere
534 2033 676 2075 poterit.
704 2028 828 2072 Quum
844 2037 924 2059 eam
945 2036 990 2058 ex
1005 2023 1113 2058 Indiis
1125 2028 1344 2071 accepissem
1357 2051 1366 2068 ,
1387 2029 1508 2059 statim
1527 2029 1688 2068 memini,
1702 2034 1844 2071 praeter
1857 2037 1921 2060 an-

321 2098 430 2134 guem
450 2085 629 2133 platuram
647 2096 754 2129 quam
769 2081 1020 2131 possidebam,
1036 2082 1239 2115 Limnaeum
1256 2078 1392 2114 habere
1405 2092 1563 2128 anguem
1577 2080 1806 2115 laticaudam.
1827 2083 1922 2116 Eam

322 2156 407 2190 ergo
429 2140 579 2177 contuli.
600 2139 713 2175 Nulla
728 2139 907 2186 allegatur
921 2144 1015 2173 icon.
1043 2137 1209 2180 Dicitur,
1224 2135 1377 2170 caudam
1394 2148 1468 2171 esse
1483 2147 1727 2183 compressam
1740 2164 1747 2178 ,
1765 2147 1920 2182 acutam3

324 2200 488 2235 colorem
512 2197 693 2247 pallidum
711 2195 826 2232 [asciis
851 2196 967 2232 fuscis.
995 2195 1100 2241 Quae
1119 2203 1173 2230 sat
1195 2192 1290 2229 bene
1311 2192 1546 2241 respondent.
1574 2193 1625 2228 At
1643 2198 1848 2229 americana
1867 2204 1921 2231 est
