2054 2748
274 122 354 167 108
638 132 1481 166 OBSERVATHDNESZOOLOGICAE

344 220 461 254 Tarsi
479 223 618 264 citrini,
640 224 790 264 scutati,
815 222 923 253 scutis
942 218 1215 266 septemdecim.

338 277 473 324 Digiti
494 276 618 311 subtus
644 276 773 311 obtuse
797 285 833 309 et
853 274 1147 324 laevi—papillosi.
1176 276 1296 323 Digiti
1315 281 1471 324 extensi,
1495 281 1524 314 si
1545 286 1657 314 tarsus
1682 277 1866 326 flectatur,

265 343 398 382 sponte
418 332 701 377 contrahuntur3
723 338 772 367 ita
791 338 868 367 sine
887 331 998 367 dubio
1023 338 1133 369 etiam
1153 338 1191 367 in
1210 338 1347 369 ceteris.

778 444 1041 489 FALCO
1098 445 1350 490 NISUS

360 551 429 586 Ao.
452 549 551 597 1785.
576 547 748 585 Octobris
772 550 846 587 fine
870 563 915 586 ex
935 551 1034 587 Villa
1048 551 1282 588 Robertiana.

601 623 709 659 ,Μαι
1364 624 1544 660 Femina.

310 689 494 722 Rostrum
525 686 741 734 plumbeum
765 688 842 724 basi
870 701 916 724 ex
941 688 1027 724 albo
1139 690 1325 725 Rostrum
1340 689 1558 737 plumbeum
1571 700 1617 723 ex
1631 687 1717 724 albo
1735 700 1861 724 coeru-

261 743 469 778 eoeruleum
489 752 642 791 utraque
665 744 828 782 maxilla.
1092 745 1214 792 lemn,
1237 756 1391 794 utraque
1409 745 1569 781 maxilla.

309 800 403 834 Cera
424 798 555 834 viridis.
809 822 812 824 -
1142 804 1237 837 Cera
1256 802 1387 837 viridis.

303 855 433 890 Ichtes
453 865 609 903 apertae.
1140 859 1269 895 Nares
1290 866 1446 905 apertae.

304 910 455 945 Macula
474 923 572 958 pone
587 913 779 961 supercilia
793 914 905 952 nulla.
1138 913 1288 950 Macula
1307 925 1406 962 pone
1429 910 1619 961 supercilia
1644 909 1737 951 alba.

305 967 381 999 Iris
402 966 607 1002 rubescens.
1138 973 1212 1005 Iris
1232 971 1332 1004 ssava.

339 1021 453 1055 ’ἐνίαις
474 1021 615 1069 planus.
1141 1027 1284 1062 Z'ertex
1305 1024 1446 1073 planus.

302 1075 478 1110 Plumae
502 1083 628 1125 capitis
651 1078 766 1115 laxae.
1135 1082 1309 1116 Plumae
1332 1085 1458 1128 capitis
1485 1078 1599 1114 laxae.

305 1132 435 1179 Caput
458 1138 624 1180 griseum.
1116 1147 1119 1151 ·
1139 1136 1267 1184 Caput
1283 1136 1434 1170 fuscum.

300 1187 423 1221 Dorsi
450 1198 486 1222 et
513 1189 655 1223 alarum
690 1195 878 1225 exterioris
913 1197 1023 1238 partis
1135 1193 1256 1226 Dorsi
1290 1201 1326 1226 et
1356 1191 1498 1226 alarum
1531 1194 1719 1225 exterioris
1745 1195 1857 1239 partis

251 1251 396 1287 pennae
425 1252 524 1276 totae
549 1250 694 1290 griseae.
1086 1259 1230 1295 pennae
1254 1246 1376 1281 fuscae
1399 1251 1563 1294 margine
1582 1245 1661 1280 rufo
1685 1247 1855 1293 gaudent.

299 1297 449 1332 Macula
469 1298 552 1334 alba
567 1305 604 1334 in
623 1299 756 1336 nucha.
1133 1301 1283 1337 Macula
1300 1308 1340 1336 in
1359 1301 1482 1337 nucha
1502 1301 1615 1336 nulla.

302 1352 440 1385 Gauda
457 1360 622 1400 superior
635 1356 762 1390 colore
777 1356 894 1400 dorsi,
913 1363 1019 1403 quin-
1136 1359 1275 1390 Cauda
1299 1364 1464 1402 superior
1492 1357 1619 1390 colore
1644 1357 1761 1402 dorsi,
1790 1370 1855 1392 sex

250 1417 323 1454 que
345 1406 451 1441 lineis
472 1415 680 1443 transversis
696 1411 838 1456 gaudet.
1083 1410 1188 1445 lineis
1208 1415 1417 1445 transversis
1441 1410 1586 1457 gaudet.

298 1462 452 1510 Scapus
471 1470 663 1500 rectricum
686 1471 874 1513 nigricans.
1130 1467 1283 1513 Scapus
1304 1470 1495 1500 reetricum
1515 1465 1643 1501 fulvus.

300 1517 440 1553 Genae
461 1518 690 1557 rufescentes.
1133 1522 1272 1557 Germe
1288 1521 1474 1556 brunneae
1493 1521 1584 1556 albis
1603 1521 1710 1558 lineis
1730 1522 1851 1572 longi-

1081 1578 1306 1614 tudinalibus
1324 1584 1564 1613 intermixtae.

300 1629 433 1666 Gulae
445 1643 650 1680 pennarum
663 1645 792 1682 scapus
806 1631 904 1668 solus
915 1639 1028 1681 niger.
1131 1635 1263 1670 Gulae
1291 1647 1495 1684 pennarum
1522 1646 1648 1682 scapus
1677 1647 1755 1669 non
1785 1649 1845 1670 so-

1079 1691 1158 1726 lum
1171 1698 1272 1739 niger
1283 1719 1292 1736 ,
1305 1691 1368 1725 sed
1385 1697 1494 1725 etiam
1508 1690 1629 1725 media
1639 1703 1845 1738 pennarum

1078 1760 1159 1796 pars
1174 1746 1491 1794 longitudinaliter
1509 1752 1698 1793 nigricans.

295 1798 471 1834 Pectoris
490 1811 635 1847 pennae
652 1798 757 1835 lineis
770 1799 842 1836 fere
856 1812 1014 1850 quatuor
1125 1805 1301 1838 Pectoris
1315 1815 1457 1852 pennae
1476 1802 1580 1836 lineis
1600 1802 1674 1836 fere
1689 1812 1845 1850 quatuor

247 1865 309 1890 aut
331 1861 494 1904 quinque
519 1863 724 1895 transversis
749 1857 1012 1896 rufescentibus
1076 1870 1138 1895 aut
1158 1865 1320 1907 quinque
1341 1863 1544 1895 transversis
1558 1857 1665 1892 fuscis
1681 1869 1717 1893 et
1735 1859 1839 1905 albis,

248 1921 284 1946 et
303 1911 404 1947 albis.
1075 1915 1228 1949 maculis
1267 1928 1414 1964 quoque
1458 1914 1718 1950 ruleseentibus
1752 1914 1842 1951 hinc

1074 1971 1161 2005 iude
1181 1977 1319 2018 sparsis.

293 2022 402 2057 Alae
419 2029 560 2071 spuriae
578 2036 743 2073 magnae.
1120 2027 1230 2062 Alae
1249 2033 1390 2074 spuriae
1410 2039 1571 2075 magnae.

297 2079 488 2114 Uettio&
507 2080 646 2115 alarum
668 2082 815 2129 plumae
833 2088 1008 2129 cinereae,
1125 2084 1315 2117 Tecmces
1334 2083 1471 2118 alarum
1488 2084 1634 2131 plumae
1660 2087 1835 2129 cinereae,

245 2139 446 2181 nigricante
462 2143 689 2171 transversim
711 2139 886 2175 tuaciutae.
1072 2145 1272 2186 nigricante
1294 2146 1517 2174 transversim
1536 2145 1691 2174 striatae.

293 2190 458 2226 Pemzae
478 2192 659 2229 subalares
680 2193 814 2231 breves.
1119 2196 1285 2231 Pennae
1302 2195 1485 2232 subalares
1501 2195 1634 2233 breves.
