2054 2748
801 151 1225 181 MAMMALIA.
1782 159 1809 202 5

211 238 337 273 Facies
355 247 434 271 non
447 233 554 271 valde
569 232 748 283 producta
764 238 905 269 canina.
933 236 1047 270 Frons
1067 235 1173 272 valde
1192 244 1228 270 et
1249 238 1363 282 magis
1382 245 1493 283 quam
1509 248 1605 273 nune
1634 244 1672 273 in
1694 239 1807 275 farcto

211 300 434 343 prominens.
461 291 647 327 Genitalia
677 300 797 326 scroto
822 296 1056 339 prominente
1080 293 1263 337 humano,
1291 304 1386 340 pene
1415 292 1593 328 mediocri
1612 296 1809 332 ossiculum

211 356 436 386 continente.
471 351 585 384 Nates
613 362 691 384 non
717 347 862 396 amplae
881 375 889 393 ,
921 360 1042 396 neque
1070 360 1109 384 ut
1136 355 1173 384 in
1206 349 1264 397 fig.
1297 348 1487 397 Sphingis
1519 352 1681 386 minoris
1711 353 1810 401 apud

208 406 419 441 Buffonium
438 416 475 441 et
492 405 747 448 Schreberum,
769 416 890 452 neque
909 409 963 440 uti
981 410 1019 439 in
1035 405 1255 454 plazgypygo
1270 434 1280 448 ,
1299 418 1384 441 cum
1402 418 1477 455 quo
1505 416 1688 441 caeterum
1705 421 1808 456 prae-

210 473 266 500 ter
278 465 457 510 majorem
474 463 673 499 viredinem
692 470 939 509 staturamque
956 467 1139 496 minorem
1159 463 1317 498 multum
1336 463 1426 500 mihi
1447 468 1644 499 convenire
1659 465 1809 502 videtur.

208 521 307 556 Nam
329 531 364 555 et
387 526 481 555 mitis
501 519 608 553 fuisse
628 518 770 553 dicitur.
796 520 884 564 Ejus
902 529 1088 567 praeterea
1107 518 1322 554 columnam
1340 519 1580 556 vertebralem
1605 533 1689 558 cum
1715 522 1811 569 pelvi

210 577 438 626 scapulisque
457 589 499 611 ac
520 588 600 611 osse
622 581 725 624 penis
744 588 932 611 conservo.
959 576 1091 611 Simia
1112 575 1354 623 Splzingiola
1372 589 1392 611 a
1412 588 1472 611 me
1491 582 1689 612 nominata,

576 680 810 724 SIMIA
854 679 1234 724 MORMON.
1294 681 1454 724 Lan.

279 779 403 824 QUAM
420 778 463 813 A.
483 792 582 826 1777.
600 778 772 813 nundinis
795 783 937 813 aestivis
954 778 1044 825 vidi,
1071 783 1185 826 magis
1205 778 1431 827 exprimebat
1444 782 1604 826 priorem
1621 778 1811 814 Schreberi

205 839 354 869 iconem
377 845 534 870 erectam
547 864 555 879 ,
578 847 689 883 quam
708 837 793 870 dein
812 836 957 882 rejecit,
977 848 1088 884 quam
1109 835 1270 870 alteram.
1297 834 1559 885 Respondebat
1579 841 1693 883 magis
1708 835 1813 871 color

206 890 346 936 fuscus,
368 898 429 940 qui
448 892 526 926 sole
545 891 722 927 illabente
741 898 778 926 in
794 891 1008 927 coeruleum
1029 891 1257 928 deflectebat.
1274 893 1391 941 Digiti
1406 897 1516 928 etiam
1529 897 1643 939 magis
1662 905 1813 940 respon-

208 947 292 983 dere
308 948 544 992 videbantur;
567 954 643 983 nasi
668 948 818 983 dorsum
842 948 1043 997 depressius
1071 961 1182 997 quam
1204 949 1333 997 plicae.
1360 951 1478 984 Nasus
1505 954 1618 996 magis
1647 953 1685 982 in
1714 947 1812 982 orbi-

206 1003 331 1038 culum
359 1004 638 1052 complanatum
665 1010 774 1040 rostri
798 1004 897 1040 suilli
924 1004 1113 1040 aemulum
1138 1005 1320 1041 dilatatus.
1348 1006 1466 1053 Digiti
1494 1010 1608 1052 magis
1637 1004 1812 1039 denudati

204 1066 268 1095 visi
289 1065 377 1095 etin
399 1060 715 1096 articulationibus
733 1061 932 1109 digitorum
950 1061 1075 1097 areola
1092 1068 1193 1111 quasi
1211 1062 1309 1097 nuda
1325 1061 1465 1098 elevata
1479 1067 1607 1096 notati.
1628 1060 1812 1096 Genitalia

204 1129 404 1165 purpurea,
429 1123 539 1152 etiam
558 1124 657 1166 regio
679 1118 726 1153 ab
746 1119 832 1153 inde
851 1131 917 1167 per
935 1119 1099 1154 medium
1118 1119 1306 1155 abdomen
1328 1125 1442 1154 imum
1460 1118 1673 1155 ascendens.
1700 1119 1812 1154 Nates

205 1179 418 1222 conspicere
437 1174 647 1210 nullatenus
667 1187 781 1223 quum
801 1188 933 1212 caveae
951 1175 1220 1222 includeretur,
1246 1182 1359 1225 potui.

583 1278 814 1319 SIMIA
860 1278 1213 1320 MAIMON.
1274 1280 1441 1319 LINN.

276 1372 403 1404 HUJus
425 1373 589 1403 cranium
619 1366 722 1415 quod
747 1366 920 1415 possideo
949 1367 1107 1402 altemm
1136 1377 1339 1402 extremum
1370 1375 1408 1402 in
1440 1369 1544 1403 faciei
1572 1376 1811 1418 proportione

202 1425 296 1462 mihi
316 1430 536 1461 constituere
557 1424 720 1467 videtur,
741 1428 952 1471 oppositum
977 1429 1100 1458 cranio
1127 1423 1262 1458 Simiae
1286 1423 1449 1459 Seniculi
1473 1426 1574 1473 quod
1596 1426 1812 1462 altissimum

204 1493 258 1518 est
273 1492 309 1517 et
329 1486 658 1526 truncatissimum‚
678 1478 770 1514 facie
785 1478 1035 1526 obtusissima,
1057 1492 1171 1529 quum
1188 1480 1261 1516 hoc
1277 1487 1322 1517 sit
1337 1481 1591 1530 longissimum
1605 1493 1640 1518 et
1654 1490 1811 1519 maxime

202 1539 435 1588 productum.

275 1595 478 1643 Singularia
501 1600 539 1630 in
562 1594 637 1629 hoc
663 1599 788 1629 cranio
813 1602 918 1639 sunt,
945 1592 1046 1642 quod
1069 1600 1224 1631 omnino
1251 1605 1304 1631 est
1322 1596 1475 1642 junioris
1498 1597 1686 1633 animalis:

274 1654 299 1687 I.
321 1653 464 1687 Dentes
482 1657 658 1701 primores
675 1651 860 1697 latissimi,
875 1662 1147 1699 convergentes.
1175 1654 1361 1688 Laniarius
1378 1660 1544 1702 superior
1562 1654 1674 1703 longe
1692 1660 1809 1691 minus

202 1714 417 1756 prominens
436 1721 548 1756 quam
567 1715 604 1743 in
624 1707 830 1743 mitioribus
856 1707 1067 1756 speciebus,
1087 1710 1225 1756 Mona,
1245 1720 1312 1746 etc.
1340 1713 1527 1746 Laniarius
1546 1711 1694 1746 inferior
1718 1718 1809 1747 inci-

203 1764 343 1800 soribus
374 1777 451 1799 non
480 1764 649 1812 longior,
679 1769 879 1799 eminentia
903 1769 1000 1799 intus
1024 1764 1181 1801 donatus
1201 1794 1210 1812 ,
1237 1772 1357 1802 antice
1388 1766 1461 1802 alio
1492 1767 1668 1816 peculiari
1698 1769 1809 1804 dente

202 1886 246 1904 un
273 1875 386 1912 chien,
409 1875 450 1905 οὺ
472 1875 500 1904 le
519 1885 668 1905 morceau
685 1875 837 1905 desseche
858 1874 913 1915 qui
934 1875 1013 1905 etait
1029 1875 1046 1905 ὲ
1066 1876 1270 1915 l'extremite,
1292 1888 1324 1908 se
1345 1878 1499 1916 detacha3
1518 1879 1546 1908 le
1564 1879 1642 1908 bout
1663 1879 1808 1917 saignant

203 1933 244 1952 ne
263 1931 406 1962 pouvant
429 1934 460 1953 se
482 1923 668 1962 cicatriser,
688 1923 829 1954 l'animal
848 1923 916 1963 prit
930 1934 991 1953 une
1008 1923 1103 1954 fievre
1118 1935 1271 1956 nei-veuse
1289 1926 1465 1957 semblable
1485 1938 1524 1956 au
1548 1929 1704 1963 Temnos,
1730 1927 1810 1955 dont

204 1970 248 2000 les
268 1971 383 2001 blesses
399 1979 470 2002 sont
485 1972 741 2002 ordinairement
764 1972 897 2002 atteints
916 1971 994 2002 dans
1014 1972 1058 2002 les
1080 1973 1249 2013 hopitaux,
1270 1982 1302 2004 et
1322 1973 1339 2004 ὲ
1358 1975 1386 2004 la
1403 1975 1485 2005 suite
1507 1976 1546 2004 de
1568 1975 1645 2014 cinq
1663 1977 1746 2013 jours
1769 1973 1808 2001 de

204 2021 417 2057 souffrances,
442 2029 537 2059 ayant
553 2031 627 2061 recu
645 2031 722 2051 avec
740 2019 919 2051 sensibilia&
936 2020 980 2050 les
997 2021 1142 2052 remedes
1163 2030 1195 2052 et
1209 2023 1253 2052 les
1269 2023 1355 2053 soins
1378 2024 1473 2062 qu'on
1493 2023 1537 2052 lui
1558 2022 1760 2062 prodiguait‚
1783 2020 1807 2049 il

204 2069 343 2097 attendit
356 2068 384 2097 le
401 2069 486 2099 lever
500 2070 540 2099 de
557 2081 589 2099 sa
612 2070 793 2106 maitresse,
814 2068 832 2099 a
847 2068 982 2108 laquelle
997 2068 1020 2097 il
1034 2070 1121 2099 avait
1133 2071 1214 2100 voue
1230 2081 1291 2101 une
1308 2071 1463 2101 affection
1479 2070 1684 2110 particuliere
1697 2091 1704 2105 ,
1727 2078 1808 2106 pour

203 2116 331 2154 expiret
348 2117 438 2157 apres
466 2118 512 2147 lui
531 2119 622 2149 avoir
639 2129 698 2158 par
720 2129 763 2147 un
783 2118 913 2148 dernier
933 2116 980 2146 cri
1007 2117 1167 2158 teinoigne
1191 2130 1223 2148 sa
1243 2119 1516 2149 reconnaissance.
1546 2120 1648 2158 (Voy.
1669 2115 1807 2154 quelque

208 2163 301 2192 chose
316 2165 355 2193 de
373 2166 548 2196 semblable
562 2177 615 2197 sur
628 2166 656 2196 le
674 2167 787 2207 regard
801 2167 877 2197 d'un
893 2164 979 2204 singe
995 2175 1164 2207 mourant‚
1180 2168 1259 2198 dans
1274 2168 1450 2198 Stedmann
1462 2169 1590 2205 Voyage
1603 2174 1639 2193 en
1649 2163 1805 2200 Suriuam,

207 2208 234 2238 I.
256 2219 287 2247 p.
304 2213 393 2249 217.)

1507 2263 1539 2296 A
1566 2274 1587 2297 2
