2054 2748
283 146 365 190 252
654 149 1118 186 OBSERVATIONES
1162 150 1522 181 zOOLOGICAE,

280 247 404 291 riginis
419 239 690 276 Roeselsbrunn
710 250 825 288 prope
844 236 1067 272 Oberbrunn
1085 241 1201 284 reperi
1218 264 1226 281 ,
1247 236 1310 270 sed
1331 241 1481 284 copiose
1499 247 1649 285 quoque
1664 244 1766 272 extra
1789 235 1895 272 illum

281 307 319 336 in
339 306 448 335 sicco.
470 302 513 335 In
533 298 616 334 lacu
635 310 701 332 ova
719 295 863 330 bufonis
877 294 1138 330 seorodosmae
1151 299 1268 338 reperi
1283 293 1491 328 exclusioni
1505 299 1673 342 proxima
1685 322 1693 338 ,
1710 307 1804 342 quae
1817 306 1894 329 me-

282 370 367 394 cum
385 367 503 395 sumta
518 369 596 392 non
608 364 691 390 sunt
704 353 861 390 evoluta.
877 355 919 388 In
930 351 997 388 illo
1010 351 1145 401 palude
1157 357 1274 400 reperi
1288 357 1398 387 etiam
1411 351 1583 399 gordium
1593 361 1710 388 setam
1719 351 1895 388 Mallem

756 471 980 515 RANA
1025 471 1425 515 ARBOREA.

360 589 428 624 Ao.
444 586 502 620 Vt.
529 584 563 620 d.
589 595 643 620 21.
661 583 895 619 Thermidor.
920 583 973 630 (8.
993 584 1087 631 Aug⁴
1114 582 1236 630 1798.)
1259 586 1402 630 reperio
1429 585 1467 615 in
1487 579 1624 629 palude
1641 591 1759 629 aquae
1780 580 1901 617 clarae

285 652 428 696 gyrinos
446 654 577 692 parvos
595 648 719 690 nigros
746 639 1011 677 semiunciales.
1041 639 1148 674 Alios
1170 639 1279 674 simul
1296 637 1482 683 unciales,
1509 637 1663 686 pedibus
1687 644 1900 686 posteriori-

283 705 351 740 bus
368 705 442 750 jam
465 706 670 735 instructos.
700 700 900 747 Utriusque
919 710 1053 732 novem
1073 701 1273 745 specimina
1292 696 1447 731 domum
1466 694 1584 729 refero
1606 699 1694 729 etin
1715 708 1798 732 vase
1818 708 1903 732 cum

284 763 421 807 majore
438 768 475 794 et
495 763 639 792 minore
658 756 779 792 helice
799 754 1015 791 auricularia
1029 782 1038 800 ,
1059 762 1263 790 notonecta
1282 758 1427 799 striata,
1445 751 1578 799 najade
1599 756 1742 788 marina
1757 762 1793 788 et
1811 752 1902 789 folio

284 815 565 866 hydrocharidis
588 820 722 850 nutrio

358 875 475 909 Video
491 874 648 919 majores
669 881 749 907 toto
768 870 908 906 octidui
924 874 1041 918 spatio
1058 868 1166 904 valde
1186 873 1317 917 impari
1334 866 1450 901 modo
1470 871 1681 901 increscere.
1702 867 1801 901 Nam
1820 879 1906 902 ecce

285 931 461 982 postridie
480 942 573 965 unus
591 930 773 975 majorum
795 933 1008 975 gyrinorum
1028 927 1101 972 jam
1120 926 1232 974 pedes
1252 925 1364 960 habet
1383 929 1602 970 anteriores,
1622 936 1736 973 quum
1754 925 1905 960 octiduo

287 990 413 1036 elapso
439 987 512 1021 duo
534 985 655 1020 adhuc
676 994 819 1018 tantum
845 989 1064 1030 posteriores
1092 983 1263 1017 habeant.
1295 981 1473 1028 (Aliquot
1492 987 1693 1026 specimina
1716 982 1907 1016 testudini—

286 1046 353 1081 bus
373 1050 463 1079 meis
484 1042 621 1076 lutariiS
641 1040 803 1076 voranda
823 1038 1065 1084 objeceram.)

361 1101 513 1134 Summa
529 1108 614 1131 011111
634 1107 719 1130 cura
739 1094 787 1128 ad
808 1093 965 1128 caudam
982 1101 1143 1126 attentus
1163 1091 1224 1125 sui.
1252 1090 1475 1125 Nullatenus
1494 1101 1575 1125 eam
1594 1103 1660 1139 per
1679 1091 1789 1128 frusta
1809 1093 1908 1130 deci-

287 1159 394 1202 dere,
423 1154 487 1190 sed
517 1158 652 1188 sensim
680 1155 851 1186 imminui
874 1149 957 1186 vidi.
994 1148 1068 1184 Sed
1093 1159 1128 1184 et
1160 1147 1220 1183 hic
1248 1159 1326 1182 non
1348 1147 1482 1183 eodem
1509 1147 1624 1182 modo
1659 1153 1697 1183 in
1726 1149 1907 1188 omnibus„

287 1218 416 1253 Unum
436 1217 645 1261 specimen,
665 1208 753 1244 licet
768 1207 880 1256 pedes
900 1211 1101 1241 anteriores
1117 1204 1241 1240 adhuc
1262 1204 1454 1250 deessent,
1476 1205 1632 1240 caudam
1651 1206 1725 1251 jam
1739 1207 1787 1242 ad
1802 1207 1910 1242 dimi-

289 1273 389 1309 diam
408 1268 681 1317 longitudinem
695 1266 886 1301 reductam
901 1263 1038 1299 habuit.
1059 1262 1175 1298 Aliud
1189 1275 1344 1311 corpore
1358 1261 1482 1297 adhuc
1501 1268 1698 1309 torosiore,
1713 1274 1910 1313 ovatoque,

288 1336 423 1379 pariter
442 1326 597 1376 pedibus
619 1321 864 1359 anterioribus
889 1321 1011 1356 adhuc
1043 1321 1259 1356 destitutum
1282 1319 1436 1367 longam
1459 1319 1588 1355 habuit
1614 1329 1651 1355 et
1675 1319 1911 1368 latissimam,

289 1386 498 1432 eodemque
510 1382 625 1416 modo
637 1381 709 1416 alia
723 1383 925 1428 specimina
937 1377 1092 1425 pedibus
1105 1386 1264 1424 quatuor
1272 1377 1347 1421 jam
1362 1376 1511 1411 donata.
1530 1375 1640 1423 (haec
1652 1376 1685 1410 d.
1697 1379 1752 1412 28.
1761 1377 1910 1414 Therm.

294 1444 345 1480 15.
366 1440 482 1489 Aug.)
511 1438 633 1474 Pridie
652 1438 727 1483 jam
746 1447 861 1470 unum
881 1439 1068 1481 specimen
1091 1444 1238 1480 prorsus
1258 1431 1487 1466 declaratum
1506 1444 1591 1466 cum
1607 1432 1746 1468 caudae
1760 1439 1910 1481 vestigio

290 1509 436 1537 tantum
454 1500 645 1544 superstite
665 1492 755 1527 folio
783 1489 1063 1536 hydrocharidis
1092 1487 1297 1534 insidebat,
1318 1498 1381 1523 aut
1403 1493 1534 1536 parieti
1557 1495 1647 1525 vasis
1675 1489 1911 1538 adhaerebat,

263 1595 271 1604 κ
289 1567 353 1594 aut
371 1560 481 1591 etiam
500 1550 702 1600 aliquando
723 1561 770 1584 ex
789 1559 871 1585 vase
891 1546 1024 1582 exibat.

363 1614 407 1648 In
431 1615 640 1646 universum
667 1607 785 1641 forma
811 1605 851 1641 fit
873 1609 988 1652 magis
1009 1608 1139 1638 conica
1166 1613 1202 1638 et
1222 1615 1354 1652 corpus
1376 1603 1602 1651 gracilescit,
1631 1604 1781 1652 quando
1802 1605 1929 1653 pedes-

292 1675 494 1708 anteriores
513 1671 718 1714 acquirunt.
745 1663 890 1697 Amissa
911 1661 1028 1697 cauda
1050 1671 1087 1697 et
1105 1660 1288 1710 perfectae
1308 1660 1425 1696 factae
1440 1671 1552 1709 atque
1567 1667 1606 1696 in
1620 1666 1758 1696 siccum
1773 1674 1911 1698 exeun-

292 1740 347 1766 tes
365 1735 494 1763 ventre
514 1733 598 1758 sunt
619 1722 743 1757 denuo
764 1725 880 1768 magis
901 1730 1021 1756 ovato.

367 1783 473 1818 Aliae
493 1790 577 1816 sunt
597 1779 706 1814 dorso
732 1783 846 1825 inagis
867 1782 1089 1825 nigricante,
1113 1776 1207 1812 aliae
1234 1781 1349 1824 magis
1372 1775 1486 1813 viridi.
1515 1775 1630 1824 Saepe
1656 1781 1726 1812 situ
1750 1776 1914 1812 verticali

293 1843 446 1879 haerere
474 1837 670 1882 amabant,
696 1845 732 1871 et
762 1848 801 1870 os
830 1834 1033 1883 superficiei
1055 1847 1173 1882 aquae
1196 1834 1406 1882 applicare,
1433 1832 1618 1881 celerique
1638 1843 1745 1868 motu
1772 1833 1914 1869 duabus

293 1897 442 1950 papillis
462 1894 693 1939 lateralibus,
726 1898 828 1942 quasi
851 1892 980 1937 labiis,
1003 1903 1138 1940 aquam
1157 1890 1313 1926 haurire.
1340 1892 1421 1925 Hae
1441 1889 1602 1939 papillae
1621 1902 1772 1939 quoque
1797 1903 1914 1939 quan-

296 1959 421 2004 doque
441 1951 766 2001 conspieiebantur
785 1959 952 1994 exertae,
974 1947 1112 1996 absque
1130 1947 1210 1982 ullo
1235 1958 1361 1993 motu,
1383 1946 1608 1983 animalculo
1628 1953 1666 1982 in
1684 1948 1805 1983 media
1819 1960 1916 1996 aqua

296 2015 494 2056 haerente,
513 2021 627 2058 (luunt
647 2008 718 2044 alia
742 2007 835 2042 nihil
857 2018 982 2041 earum
1004 2004 1261 2050 ostenderent,
1282 2015 1324 2040 ut
1343 2005 1436 2040 adeo
1453 2004 1642 2040 arbitraria
1661 2004 1824 2039 videatur
1839 2015 1915 2038 esse

298 2072 447 2107 illarum
470 2072 635 2102 exsertiO.
674 2064 863 2100 Roeselius
893 2073 1039 2099 tantum
1070 2062 1159 2098 dicit
1185 2075 1220 2111 p.
1242 2064 1300 2104 48.
1327 2075 1387 2098 eas
1414 2075 1452 2098 se
1475 2068 1513 2097 in
1532 2075 1599 2097 usu
1626 2066 1697 2095 oris
1724 2072 1916 2108 exercere,

298 2129 389 2164 dum
408 2126 557 2161 alternis
577 2122 714 2158 vicibus
730 2128 898 2171 aperiunt
917 2131 953 2156 et
974 2119 1162 2155 claudunt.

374 2183 447 2218 Sed
467 2182 555 2230 quid
575 2180 712 2215 ultimis
733 2179 858 2213 diebus
881 2191 926 2213 ex
945 2183 1061 2227 parvis
1081 2182 1214 2225 gyrinis
1230 2175 1410 2226 apodibus
1422 2175 1561 2210 factum
1577 2181 1643 2220 sit,
1668 2187 1745 2209 non
1761 2180 1916 2223 attingo,

301 2252 462 2291 quorum
481 2239 515 2274 d.
532 2240 587 2275 28.
608 2237 756 2273 Therm.
777 2235 924 2273 nullum
943 2234 1102 2284 amplius
1121 2235 1285 2272 observo.
1312 2234 1452 2270 Omnes
1465 2232 1574 2269 simul
1596 2243 1832 2269 evanuerunt.
1852 2234 1918 2269 Uti

1882 2299 1919 2327 et
