2054 2748
267 150 323 190 '70
632 140 1114 178 OBSERVATIONES
1161 139 1521 173 ZOOLOGICAE.

340 231 500 276 Mirum,
525 241 661 265 nucem
688 241 829 265 summe
849 227 1060 272 rancidam,
1087 225 1134 261 ab
1154 224 1405 272 animalculo,
1431 225 1528 261 bene
1551 226 1625 272 jam
1643 234 1730 260 ante
1752 235 1875 274 pasto,

269 288 374 323 avide
398 297 564 323 voratam
579 286 695 322 fuisse.
722 285 914 321 Hordeum
928 285 1147 320 mundatum
1161 282 1293 331 cupide
1310 289 1449 318 voravit
1463 283 1594 331 palmis
1608 295 1687 318 non
1701 283 1876 328 tenendo,

265 345 331 380 sed
350 344 452 379 humi
471 354 623 380 stratum
649 358 657 387 3
684 353 762 377 tum
785 354 869 376 vero
894 352 931 377 et
949 341 1090 389 singula
1115 352 1225 389 grana
1244 339 1376 387 palmis
1397 349 1536 375 tenens.

341 401 488 436 Semina
513 405 714 436 cucumeris
737 398 932 433 decumani
960 398 1138 434 barbarici
1164 409 1278 444 quum
1308 397 1586 442 decorticasset,
1613 407 1647 432 et
1670 409 1748 432 non
1771 395 1878 433 valde

272 459 406 507 cupide
427 458 670 505 degustasset,
697 454 827 491 dentes
846 467 994 490 mensae
1017 454 1193 490 affricavit
1216 463 1251 488 et
1278 458 1380 501 quasi
1402 453 1577 489 abstersit.

340 516 457 551 Poma
484 513 650 558 amabat,
678 522 714 548 et
737 522 937 561 antequam
969 521 1129 556 voraret,
1148 515 1290 557 integra
1312 509 1571 546 decorticabat.
1601 509 1704 545 Alias
1730 520 1880 557 quoque

270 585 424 621 pomum
454 575 599 618 respuit.

345 632 528 671 Farinam,
559 635 757 675 postquam
782 625 846 662 diu
867 626 1106 674 neglexisset,
1137 622 1211 659 vidi
1240 623 1414 669 tandem,
1457 629 1569 659 etiam
1593 623 1690 658 bene
1712 632 1880 671 pastum,

272 697 345 722 tam
367 697 429 719 ore
448 683 612 731 lingere,
640 695 752 731 quam
772 688 883 718 muris
910 693 1013 716 more
1035 679 1190 730 pedibus
1210 689 1344 717 tenere.

343 744 561 776 Castaneani
582 744 754 788 equinam
772 738 953 788 profunde
975 743 1114 773 arrosit.
1143 735 1295 778 Videtur
1315 738 1456 788 aliquid
1466 738 1545 784 ejus
1561 746 1730 784 gustasse.
1749 736 1882 771 Postea

271 811 391 834 rursus
415 797 618 832 exhibitam
636 802 824 832 recusavit.

343 859 530 890 Corticem
551 853 761 889 cucurbitae
783 852 993 889 barbaricae
1013 866 1228 892 excavatum
1244 883 1253 901 ,
1270 860 1389 898 intus,
1409 850 1495 886 licet
1512 860 1664 884 mucore
1685 847 1883 891 obsessum,

271 913 405 962 cupide
427 918 565 947 arrosit.

344 969 524 1004 Radicem
548 968 647 1003 iridis
669 968 885 1003 florentinae
902 981 980 1002 non
1003 975 1129 1016 tangit.

346 1027 490 1060 Viti-um
512 1031 551 1059 in
569 1037 643 1073 quo
665 1024 770 1072 trigla
793 1023 944 1059 cuculus
964 1035 1199 1061 conservatus
1222 1033 1314 1069 erat,
1340 1026 1488 1065 arrosit,
1515 1029 1551 1054 et
1571 1024 1695 1053 nescio
1719 1016 1822 1066 quod
1839 1016 1887 1051 ad

274 1088 427 1132 parietes
454 1083 530 1127 ejus
561 1081 717 1116 haerens
740 1080 882 1116 abrasit.
915 1081 1083 1128 Vesicam
1113 1094 1261 1130 quoque
1300 1093 1372 1128 qua
1401 1078 1566 1113 clausum
1599 1085 1699 1120 erat,
1737 1080 1886 1119 arrosit,

275 1153 391 1189 quum
408 1139 496 1174 alias
519 1137 611 1172 nillil
630 1138 827 1173 arroderet.

350 1198 488 1231 Nactus
517 1195 784 1230 crustulentum
807 1206 941 1242 panem
970 1195 1064 1230 adeo
1095 1194 1227 1243 cupide
1249 1193 1304 1229 illi
1331 1192 1509 1236 inhaesit,
1535 1199 1576 1225 ut
1596 1198 1724 1224 contra
1752 1199 1889 1236 propo-

275 1259 381 1288 sitam
401 1262 437 1287 et
462 1251 650 1285 obtrusam
671 1264 805 1285 nucem
822 1250 942 1286 nollet
964 1261 1114 1286 mutare.
1141 1252 1281 1286 Panem
1302 1249 1495 1284 lactarium
1512 1251 1602 1281 mire
1620 1243 1838 1293 appetebat,
1854 1253 1891 1279 et

275 1315 409 1344 micam
445 1321 531 1356 prae
571 1318 688 1342 crusta
726 1307 890 1343 rodebat.

349 1365 435 1398 Vidi
453 1370 536 1398 satis
557 1364 727 1397 lubenter
743 1364 882 1409 lingere
904 1369 1122 1396 cerevisiam.
1151 1365 1316 1396 Prunum
1340 1362 1600 1394 damascenum
1615 1371 1700 1391 cum
1717 1357 1889 1392 saccharo

278 1431 427 1457 coctum
453 1419 657 1454 avidissime
672 1417 821 1452 abstulit
842 1427 877 1452 et
902 1423 1051 1452 voravit.
1080 1418 1178 1452 Uvas
1202 1428 1322 1465 passas
1347 1428 1426 1450 non
1447 1423 1556 1449 curat.
1584 1413 1750 1449 Passulas
1771 1419 1891 1448 mino-

278 1491 334 1514 res
355 1476 525 1511 lubenter
543 1484 656 1510 vorat.
685 1474 758 1508 Sed
776 1473 978 1521 aliquando
997 1475 1070 1520 jam
1090 1483 1188 1509 satur
1206 1501 1214 1518 ,
1234 1472 1411 1520 neglectis
1431 1471 1600 1505 omnibus
1615 1498 1624 1514 ,
1651 1483 1814 1505 cerasum
1834 1484 1890 1506 ar—

280 1539 390 1582 ripuit
413 1533 515 1582 quod
538 1531 732 1568 conditura
755 1536 794 1565 in
820 1529 992 1565 saccharo
1018 1529 1302 1564 fermentatione
1320 1534 1554 1577 spirituosum
1576 1527 1715 1562 factum
1739 1537 1834 1572 erat,
1857 1538 1893 1563 et

281 1591 413 1639 cupide
434 1595 594 1634 voravit,
622 1600 744 1636 neque
772 1597 897 1622 tamen
917 1596 1046 1621 totum.
1073 1586 1260 1621 Nuculam
1284 1591 1395 1621 cerasi
1415 1584 1551 1619 nullius
1566 1590 1891 1632 unquamarrosit.

352 1647 535 1682 Valeriam
559 1647 743 1682 locustam
773 1644 1004 1692 cupidissime
1039 1649 1219 1691 appetiit,
1255 1643 1319 1677 sed
1345 1655 1435 1676 mox
1458 1641 1615 1689 reliquit.
1642 1641 1801 1688 Vespam
1823 1653 1893 1675 acu

281 1704 492 1741 transfixam
512 1710 771 1739 semissicatam
800 1701 933 1749 cupide
958 1706 1086 1736 arrosit
1107 1714 1114 1744 ;
1150 1712 1240 1734 mox
1265 1709 1389 1734 tamen
1411 1698 1583 1746 neglexit.
1610 1697 1757 1732 Eodem
1775 1697 1890 1732 modo

281 1762 464 1798 ramulum
483 1762 601 1797 salicis
620 1771 815 1809 repertum.
844 1757 1008 1795 Herbam
1027 1756 1275 1805 raphanorum
1295 1766 1407 1791 vorat.

354 1821 552 1854 Posueram
584 1818 718 1853 alicubi
748 1817 939 1852 colubrem
965 1820 1162 1857 natricem3
1189 1819 1324 1848 sciurus
1350 1811 1583 1860 cupidissime
1608 1815 1711 1845 irruit
1736 1810 1892 1858 prehen-

280 1878 410 1925 ‹litque
431 1890 472 1910 ac
497 1876 666 1910 arrodere
688 1881 822 1923 coepit.
850 1876 981 1909 Postea
1017 1871 1140 1905 denuo
1171 1875 1401 1918 propositum
1432 1870 1506 1915 jam
1528 1866 1733 1902 foetentem
1760 1867 1893 1916 cupide

286 1935 522 1982 deSqualnasss
545 1938 582 1967 111
603 1942 728 1966 VCHU’C
748 1943 932 1979 a‘lggsCSSllS
950 1939 1012 1964 ΕΒΓ.

356 1993 543 2037 Legumen
571 1994 635 2036 pisi
658 1994 815 2032 arrosit,
851 1995 1026 2022 contenta
1055 1989 1131 2033 pisa
1159 1983 1359 2031 deglubere
1393 1987 1540 2030 coepit,
1572 1981 1636 2016 sed
1667 1986 1726 2017 vix
1753 1990 1892 2028 gustata

288 2047 450 2083 medulla
475 2046 630 2094 reliquit.
659 2049 789 2080 Gerasa
817 2044 921 2079 avide
943 2048 1101 2086 voravit,
1139 2051 1178 2076 ut
1207 2051 1330 2075 tamen
1355 2051 1498 2087 semper
1515 2048 1621 2074 antea
1643 2038 1893 2073 decorticaret.

285 2107 416 2153 Neque
448 2116 581 2138 nucem
611 2104 686 2147 ejus
711 2102 789 2137 ullo
813 2101 927 2136 modo
955 2105 1102 2134 curavit.
1130 2099 1254 2133 Etiam
1275 2106 1422 2145 apertae
1454 2095 1629 2129 nucleum
1663 2106 1740 2128 non
1769 2099 1895 2140 tetigit„

359 2160 558 2197 Pisciculos
585 2158 697 2193 frixos
722 2159 910 2206 (cyprinos
937 2155 1134 2204 gobiones)
1162 2154 1267 2189 avide
1294 2158 1442 2189 voravit.
1473 2153 1569 2187 Mira
1592 2150 1791 2198 cupiditate
1816 2163 1893 2184 car-

287 2224 407 2267 pionis
427 2217 579 2253 frustum
599 2215 731 2251 frixum
753 2215 875 2250 calens
893 2213 1015 2250 adhuc
1040 2211 1209 2257 abstulit,
1234 2221 1270 2246 et
1290 2216 1449 2259 primum
1471 2213 1585 2255 magis
1607 2207 1792 2243 induratas
1816 2212 1894 2254 pin-
