<?xml version="1.0" encoding="UTF-8"?>
<!DOCTYPE html PUBLIC "-//W3C//DTD XHTML 1.0 Transitional//EN"
    "http://www.w3.org/TR/xhtml1/DTD/xhtml1-transitional.dtd">
<html xmlns="http://www.w3.org/1999/xhtml" xml:lang="en" lang="en">
 <head>
  <title>
</title>
<meta http-equiv="Content-Type" content="text/html;charset=utf-8" />
  <meta name='ocr-system' content='tesseract 3.04.00' />
  <meta name='ocr-capabilities' content='ocr_page ocr_carea ocr_par ocr_line ocrx_word'/>
</head>
<body>
  <div class='ocr_page' id='page_1' title='image "./observationeszoo00herm_0171.png"; bbox 0 0 2054 2748; ppageno 0'>
   <div class='ocr_carea' id='block_1_1' title="bbox 822 147 1785 189">
    <p class='ocr_par' dir='ltr' id='par_1_1' title="bbox 822 147 1785 189">
     <span class='ocr_line' id='line_1_1' title="bbox 822 147 1785 189; baseline -0.004 -4"><span class='ocrx_word' id='word_1_1' title='bbox 822 178 827 180; x_wconf 25' lang='grc' dir='ltr'><strong><em>Δ</em></strong></span> <span class='ocrx_word' id='word_1_2' title='bbox 872 157 903 185; x_wconf 87' lang='lat' dir='ltr'>A</span> <span class='ocrx_word' id='word_1_3' title='bbox 934 155 964 185; x_wconf 65' lang='lat' dir='ltr'><strong>V</strong></span> <span class='ocrx_word' id='word_1_4' title='bbox 998 156 1022 182; x_wconf 86' lang='lat' dir='ltr'>E</span> <span class='ocrx_word' id='word_1_5' title='bbox 1055 154 1085 183; x_wconf 88' lang='lat' dir='ltr'>S.</span> <span class='ocrx_word' id='word_1_6' title='bbox 1700 147 1785 189; x_wconf 60' lang='lat'>155*</span> 
     </span>
    </p>
   </div>
   <div class='ocr_carea' id='block_1_2' title="bbox 166 238 1771 346">
    <p class='ocr_par' dir='ltr' id='par_1_2' title="bbox 166 238 1771 346">
     <span class='ocr_line' id='line_1_2' title="bbox 167 238 1771 289; baseline 0 -13"><span class='ocrx_word' id='word_1_7' title='bbox 167 251 203 277; x_wconf 81' lang='lat' dir='ltr'>et</span> <span class='ocrx_word' id='word_1_8' title='bbox 222 241 372 276; x_wconf 79' lang='lat' dir='ltr'>inferne.</span> <span class='ocrx_word' id='word_1_9' title='bbox 400 240 557 289; x_wconf 82' lang='lat' dir='ltr'>Reliqua</span> <span class='ocrx_word' id='word_1_10' title='bbox 577 249 655 276; x_wconf 88' lang='lat' dir='ltr'>tota</span> <span class='ocrx_word' id='word_1_11' title='bbox 679 240 736 276; x_wconf 88' lang='lat' dir='ltr'>ala</span> <span class='ocrx_word' id='word_1_12' title='bbox 762 250 867 287; x_wconf 88' lang='lat' dir='ltr'>supra</span> <span class='ocrx_word' id='word_1_13' title='bbox 888 243 1052 285; x_wconf 83' lang='lat' dir='ltr'>cinerea,</span> <span class='ocrx_word' id='word_1_14' title='bbox 1073 238 1199 275; x_wconf 86' lang='lat' dir='ltr'>subtus</span> <span class='ocrx_word' id='word_1_15' title='bbox 1216 238 1321 286; x_wconf 83' lang='lat' dir='ltr'>alba,</span> <span class='ocrx_word' id='word_1_16' title='bbox 1343 240 1631 275; x_wconf 75' lang='lat' dir='ltr'>extremitatibus</span> <span class='ocrx_word' id='word_1_17' title='bbox 1651 251 1771 277; x_wconf 83' lang='lat' dir='ltr'>tamen</span> 
     </span>
     <span class='ocr_line' id='line_1_3' title="bbox 166 297 783 346; baseline 0 -14"><span class='ocrx_word' id='word_1_18' title='bbox 166 304 346 346; x_wconf 79' lang='lat' dir='ltr'>remigum</span> <span class='ocrx_word' id='word_1_19' title='bbox 364 297 663 333; x_wconf 86' lang='lat' dir='ltr'>secundariarum</span> <span class='ocrx_word' id='word_1_20' title='bbox 682 297 783 334; x_wconf 86' lang='lat' dir='ltr'>albis.</span> 
     </span>
    </p>
   </div>
   <div class='ocr_carea' id='block_1_3' title="bbox 792 380 986 386">
    <p class='ocr_par' dir='ltr' id='par_1_3' title="bbox 792 380 986 386">
     <span class='ocr_line' id='line_1_4' title="bbox 792 380 986 386; baseline 0 0"><span class='ocrx_word' id='word_1_21' title='bbox 792 380 986 386; x_wconf 95' lang='lat' dir='ltr'> </span> 
     </span>
    </p>
   </div>
   <div class='ocr_carea' id='block_1_4' title="bbox 990 380 1156 386">
    <p class='ocr_par' dir='ltr' id='par_1_4' title="bbox 990 380 1156 386">
     <span class='ocr_line' id='line_1_5' title="bbox 990 380 1156 386; baseline 0 0"><span class='ocrx_word' id='word_1_22' title='bbox 990 380 1156 386; x_wconf 95' lang='lat' dir='ltr'> </span> 
     </span>
    </p>
   </div>
   <div class='ocr_carea' id='block_1_5' title="bbox 157 432 1775 1104">
    <p class='ocr_par' dir='ltr' id='par_1_5' title="bbox 240 432 1769 482">
     <span class='ocr_line' id='line_1_6' title="bbox 240 432 1769 482; baseline 0 -12"><span class='ocrx_word' id='word_1_23' title='bbox 240 435 348 471; x_wconf 86' lang='lat' dir='ltr'>Alius</span> <span class='ocrx_word' id='word_1_24' title='bbox 366 438 478 471; x_wconf 82' lang='lat' dir='ltr'>Larus</span> <span class='ocrx_word' id='word_1_25' title='bbox 499 435 737 480; x_wconf 76' lang='lat' dir='ltr'>tridactylus?</span> <span class='ocrx_word' id='word_1_26' title='bbox 763 434 896 469; x_wconf 87' lang='lat' dir='ltr'>eodem</span> <span class='ocrx_word' id='word_1_27' title='bbox 916 443 1081 481; x_wconf 85' lang='lat' dir='ltr'>tempore</span> <span class='ocrx_word' id='word_1_28' title='bbox 1097 443 1131 468; x_wconf 87' lang='lat' dir='ltr'>et</span> <span class='ocrx_word' id='word_1_29' title='bbox 1151 433 1236 468; x_wconf 85' lang='lat' dir='ltr'>loco</span> <span class='ocrx_word' id='word_1_30' title='bbox 1259 446 1343 468; x_wconf 87' lang='lat' dir='ltr'>cum</span> <span class='ocrx_word' id='word_1_31' title='bbox 1363 432 1604 482; x_wconf 82' lang='lat' dir='ltr'>praecedente</span> <span class='ocrx_word' id='word_1_32' title='bbox 1622 441 1769 471; x_wconf 79' lang='lat' dir='ltr'>occisus.</span> 
     </span>
    </p>

    <p class='ocr_par' dir='ltr' id='par_1_6' title="bbox 157 490 1775 1104">
     <span class='ocr_line' id='line_1_7' title="bbox 238 490 1771 540; baseline -0.001 -13"><span class='ocrx_word' id='word_1_33' title='bbox 238 493 485 540; x_wconf 63' lang='lat' dir='ltr'>Affagnz&#39;mdo</span> <span class='ocrx_word' id='word_1_34' title='bbox 504 491 616 540; x_wconf 89' lang='lat' dir='ltr'>paulo</span> <span class='ocrx_word' id='word_1_35' title='bbox 633 496 764 525; x_wconf 89' lang='lat' dir='ltr'>minor.</span> <span class='ocrx_word' id='word_1_36' title='bbox 793 491 979 525; x_wconf 69' lang='lat' dir='ltr'>Rostrum</span> <span class='ocrx_word' id='word_1_37' title='bbox 998 490 1143 538; x_wconf 86' lang='lat' dir='ltr'>pullum</span> <span class='ocrx_word' id='word_1_38' title='bbox 1157 518 1164 534; x_wconf 90' lang='lat'>,</span> <span class='ocrx_word' id='word_1_39' title='bbox 1178 490 1376 525; x_wconf 81' lang='lat' dir='ltr'>subatrum.</span> <span class='ocrx_word' id='word_1_40' title='bbox 1396 490 1618 538; x_wconf 76' lang='lat' dir='ltr'>Palpebrae</span> <span class='ocrx_word' id='word_1_41' title='bbox 1638 497 1771 538; x_wconf 76' lang='lat' dir='ltr'>nigrae.</span> 
     </span>
     <span class='ocr_line' id='line_1_8' title="bbox 167 546 1773 595; baseline -0.001 -12"><span class='ocrx_word' id='word_1_42' title='bbox 167 549 333 583; x_wconf 86' lang='lat' dir='ltr'>Circulus</span> <span class='ocrx_word' id='word_1_43' title='bbox 354 549 463 584; x_wconf 74' lang='lat' dir='ltr'>iridis</span> <span class='ocrx_word' id='word_1_44' title='bbox 483 547 598 582; x_wconf 82' lang='lat' dir='ltr'>albus.</span> <span class='ocrx_word' id='word_1_45' title='bbox 624 547 759 582; x_wconf 88' lang='lat' dir='ltr'>Subtus</span> <span class='ocrx_word' id='word_1_46' title='bbox 778 546 862 581; x_wconf 80' lang='lat' dir='ltr'>alba</span> <span class='ocrx_word' id='word_1_47' title='bbox 885 553 1030 591; x_wconf 85' lang='lat' dir='ltr'>omnia,</span> <span class='ocrx_word' id='word_1_48' title='bbox 1059 560 1079 581; x_wconf 85' lang='lat' dir='ltr'>a</span> <span class='ocrx_word' id='word_1_49' title='bbox 1106 546 1190 594; x_wconf 83' lang='lat' dir='ltr'>gula</span> <span class='ocrx_word' id='word_1_50' title='bbox 1211 559 1324 595; x_wconf 85' lang='lat' dir='ltr'>usque</span> <span class='ocrx_word' id='word_1_51' title='bbox 1343 547 1389 582; x_wconf 86' lang='lat' dir='ltr'>ad</span> <span class='ocrx_word' id='word_1_52' title='bbox 1409 547 1574 582; x_wconf 83' lang='lat' dir='ltr'>caudam.</span> <span class='ocrx_word' id='word_1_53' title='bbox 1603 548 1664 582; x_wconf 83' lang='lat' dir='ltr'>Ad</span> <span class='ocrx_word' id='word_1_54' title='bbox 1688 561 1773 583; x_wconf 82' lang='lat' dir='ltr'>can-</span> 
     </span>
     <span class='ocr_line' id='line_1_9' title="bbox 167 603 1773 652; baseline -0.001 -12"><span class='ocrx_word' id='word_1_55' title='bbox 167 605 271 640; x_wconf 85' lang='lat' dir='ltr'>thum</span> <span class='ocrx_word' id='word_1_56' title='bbox 293 611 512 641; x_wconf 88' lang='lat' dir='ltr'>anteriorem</span> <span class='ocrx_word' id='word_1_57' title='bbox 528 603 627 638; x_wconf 87' lang='lat' dir='ltr'>oculi</span> <span class='ocrx_word' id='word_1_58' title='bbox 642 604 780 638; x_wconf 86' lang='lat' dir='ltr'>lineola</span> <span class='ocrx_word' id='word_1_59' title='bbox 795 603 1105 652; x_wconf 73' lang='lat' dir='ltr'>perpendicularis</span> <span class='ocrx_word' id='word_1_60' title='bbox 1120 609 1233 651; x_wconf 81' lang='lat' dir='ltr'>nigra.</span> <span class='ocrx_word' id='word_1_61' title='bbox 1254 604 1411 652; x_wconf 87' lang='lat' dir='ltr'>Occiput</span> <span class='ocrx_word' id='word_1_62' title='bbox 1431 613 1466 638; x_wconf 83' lang='lat' dir='ltr'>et</span> <span class='ocrx_word' id='word_1_63' title='bbox 1485 604 1604 639; x_wconf 86' lang='lat' dir='ltr'>nucha</span> <span class='ocrx_word' id='word_1_64' title='bbox 1619 610 1773 639; x_wconf 85' lang='lat' dir='ltr'>cinerea.</span> 
     </span>
     <span class='ocr_line' id='line_1_10' title="bbox 167 659 1775 708; baseline 0.001 -12"><span class='ocrx_word' id='word_1_65' title='bbox 167 662 332 696; x_wconf 84' lang='lat' dir='ltr'>Dorsum</span> <span class='ocrx_word' id='word_1_66' title='bbox 351 667 549 695; x_wconf 84' lang='lat' dir='ltr'>cinereum.</span> <span class='ocrx_word' id='word_1_67' title='bbox 584 662 699 696; x_wconf 79' lang='lat' dir='ltr'>Frons</span> <span class='ocrx_word' id='word_1_68' title='bbox 719 670 755 696; x_wconf 86' lang='lat' dir='ltr'>et</span> <span class='ocrx_word' id='word_1_69' title='bbox 777 660 886 696; x_wconf 78' lang='lat' dir='ltr'>fascia</span> <span class='ocrx_word' id='word_1_70' title='bbox 909 666 1005 695; x_wconf 89' lang='lat' dir='ltr'>inter</span> <span class='ocrx_word' id='word_1_71' title='bbox 1027 659 1189 695; x_wconf 84' lang='lat' dir='ltr'>nucham</span> <span class='ocrx_word' id='word_1_72' title='bbox 1214 660 1436 708; x_wconf 82' lang='lat' dir='ltr'>dorsumque</span> <span class='ocrx_word' id='word_1_73' title='bbox 1460 660 1553 695; x_wconf 88' lang='lat' dir='ltr'>alba.</span> <span class='ocrx_word' id='word_1_74' title='bbox 1580 661 1775 697; x_wconf 73' lang='lat' dir='ltr'>Reccrices</span> 
     </span>
     <span class='ocr_line' id='line_1_11' title="bbox 166 717 1774 765; baseline 0 -13"><span class='ocrx_word' id='word_1_75' title='bbox 166 724 302 752; x_wconf 85' lang='lat' dir='ltr'>extima</span> <span class='ocrx_word' id='word_1_76' title='bbox 330 727 482 765; x_wconf 84' lang='lat' dir='ltr'>excepta</span> <span class='ocrx_word' id='word_1_77' title='bbox 507 722 610 765; x_wconf 85' lang='lat' dir='ltr'>apice</span> <span class='ocrx_word' id='word_1_78' title='bbox 632 723 767 764; x_wconf 77' lang='lat' dir='ltr'>nigrae.</span> <span class='ocrx_word' id='word_1_79' title='bbox 804 717 913 751; x_wconf 77' lang='lat' dir='ltr'>Alae</span> <span class='ocrx_word' id='word_1_80' title='bbox 940 730 1046 765; x_wconf 85' lang='lat' dir='ltr'>supra</span> <span class='ocrx_word' id='word_1_81' title='bbox 1068 723 1255 762; x_wconf 80' lang='lat' dir='ltr'>cinereae,</span> <span class='ocrx_word' id='word_1_82' title='bbox 1284 717 1467 762; x_wconf 81' lang='lat' dir='ltr'>llumeiis,</span> <span class='ocrx_word' id='word_1_83' title='bbox 1487 717 1696 753; x_wconf 68' lang='lat' dir='ltr'>&#39;rectricibus</span> <span class='ocrx_word' id='word_1_84' title='bbox 1720 731 1774 752; x_wconf 83' lang='lat' dir='ltr'>sc-</span> 
     </span>
     <span class='ocr_line' id='line_1_12' title="bbox 165 773 1775 823; baseline 0.001 -15"><span class='ocrx_word' id='word_1_85' title='bbox 165 774 346 809; x_wconf 84' lang='lat' dir='ltr'>cundariis</span> <span class='ocrx_word' id='word_1_86' title='bbox 367 773 630 822; x_wconf 81' lang='lat' dir='ltr'>superioribus,</span> <span class='ocrx_word' id='word_1_87' title='bbox 654 773 977 821; x_wconf 78' lang='lat' dir='ltr'>scapularibusque</span> <span class='ocrx_word' id='word_1_88' title='bbox 998 780 1101 821; x_wconf 74' lang='lat' dir='ltr'>nigro</span> <span class='ocrx_word' id='word_1_89' title='bbox 1124 780 1255 809; x_wconf 80' lang='lat' dir='ltr'>mixtis.</span> <span class='ocrx_word' id='word_1_90' title='bbox 1281 774 1411 809; x_wconf 68' lang='lat' dir='ltr'>Allcla</span> <span class='ocrx_word' id='word_1_91' title='bbox 1431 779 1551 822; x_wconf 86' lang='lat' dir='ltr'>spuria</span> <span class='ocrx_word' id='word_1_92' title='bbox 1572 787 1654 808; x_wconf 87' lang='lat' dir='ltr'>cum</span> <span class='ocrx_word' id='word_1_93' title='bbox 1670 781 1775 823; x_wconf 83' lang='lat' dir='ltr'>quin-</span> 
     </span>
     <span class='ocr_line' id='line_1_13' title="bbox 164 829 1775 879; baseline 0 -14"><span class='ocrx_word' id='word_1_94' title='bbox 164 843 236 879; x_wconf 84' lang='lat' dir='ltr'>que</span> <span class='ocrx_word' id='word_1_95' title='bbox 256 836 379 878; x_wconf 87' lang='lat' dir='ltr'>primis</span> <span class='ocrx_word' id='word_1_96' title='bbox 396 830 605 865; x_wconf 81' lang='lat' dir='ltr'>tectricibus</span> <span class='ocrx_word' id='word_1_97' title='bbox 618 829 861 865; x_wconf 83' lang='lat' dir='ltr'>anterioribus</span> <span class='ocrx_word' id='word_1_98' title='bbox 884 836 1047 878; x_wconf 78' lang='lat' dir='ltr'>margine</span> <span class='ocrx_word' id='word_1_99' title='bbox 1066 835 1248 865; x_wconf 85' lang='lat' dir='ltr'>anteriore</span> <span class='ocrx_word' id='word_1_100' title='bbox 1269 836 1388 877; x_wconf 84' lang='lat' dir='ltr'>nigris.</span> <span class='ocrx_word' id='word_1_101' title='bbox 1417 831 1602 876; x_wconf 75' lang='lat' dir='ltr'>Remiges</span> <span class='ocrx_word' id='word_1_102' title='bbox 1618 842 1775 878; x_wconf 85' lang='lat' dir='ltr'>quatuor</span> 
     </span>
     <span class='ocr_line' id='line_1_14' title="bbox 163 886 1772 935; baseline 0.001 -14"><span class='ocrx_word' id='word_1_103' title='bbox 163 893 319 935; x_wconf 83' lang='lat' dir='ltr'>priores,</span> <span class='ocrx_word' id='word_1_104' title='bbox 340 892 462 934; x_wconf 83' lang='lat' dir='ltr'>apice,</span> <span class='ocrx_word' id='word_1_105' title='bbox 484 892 649 933; x_wconf 79' lang='lat' dir='ltr'>margine</span> <span class='ocrx_word' id='word_1_106' title='bbox 667 892 849 921; x_wconf 85' lang='lat' dir='ltr'>anteriore</span> <span class='ocrx_word' id='word_1_107' title='bbox 869 896 905 921; x_wconf 85' lang='lat' dir='ltr'>et</span> <span class='ocrx_word' id='word_1_108' title='bbox 925 886 1075 921; x_wconf 85' lang='lat' dir='ltr'>dimidia</span> <span class='ocrx_word' id='word_1_109' title='bbox 1096 897 1198 935; x_wconf 87' lang='lat' dir='ltr'>parte</span> <span class='ocrx_word' id='word_1_110' title='bbox 1220 892 1392 934; x_wconf 83' lang='lat' dir='ltr'>marginis</span> <span class='ocrx_word' id='word_1_111' title='bbox 1413 892 1622 934; x_wconf 87' lang='lat' dir='ltr'>posterioris</span> <span class='ocrx_word' id='word_1_112' title='bbox 1638 892 1772 934; x_wconf 80' lang='lat' dir='ltr'>nigrae.</span> 
     </span>
     <span class='ocr_line' id='line_1_15' title="bbox 164 942 1774 990; baseline 0 -13"><span class='ocrx_word' id='word_1_113' title='bbox 164 943 302 988; x_wconf 86' lang='lat' dir='ltr'>Quinta</span> <span class='ocrx_word' id='word_1_114' title='bbox 323 949 427 990; x_wconf 87' lang='lat' dir='ltr'>apice</span> <span class='ocrx_word' id='word_1_115' title='bbox 454 952 490 977; x_wconf 86' lang='lat' dir='ltr'>et</span> <span class='ocrx_word' id='word_1_116' title='bbox 515 943 636 977; x_wconf 90' lang='lat' dir='ltr'>media</span> <span class='ocrx_word' id='word_1_117' title='bbox 663 952 766 990; x_wconf 86' lang='lat' dir='ltr'>parte</span> <span class='ocrx_word' id='word_1_118' title='bbox 789 952 932 976; x_wconf 85' lang='lat' dir='ltr'>tantum</span> <span class='ocrx_word' id='word_1_119' title='bbox 957 949 1148 978; x_wconf 85' lang='lat' dir='ltr'>anterioris</span> <span class='ocrx_word' id='word_1_120' title='bbox 1177 949 1349 989; x_wconf 83' lang='lat' dir='ltr'>marginis</span> <span class='ocrx_word' id='word_1_121' title='bbox 1376 948 1489 990; x_wconf 81' lang='lat' dir='ltr'>nigra.</span> <span class='ocrx_word' id='word_1_122' title='bbox 1525 942 1637 977; x_wconf 81' lang='lat' dir='ltr'>Sexta</span> <span class='ocrx_word' id='word_1_123' title='bbox 1670 950 1774 990; x_wconf 83' lang='lat' dir='ltr'>apice</span> 
     </span>
     <span class='ocr_line' id='line_1_16' title="bbox 157 997 1771 1046; baseline -0.001 -12"><span class='ocrx_word' id='word_1_124' title='bbox 157 999 261 1043; x_wconf 85' lang='lat' dir='ltr'>alba,</span> <span class='ocrx_word' id='word_1_125' title='bbox 290 1011 373 1033; x_wconf 88' lang='lat' dir='ltr'>cum</span> <span class='ocrx_word' id='word_1_126' title='bbox 394 997 538 1032; x_wconf 86' lang='lat' dir='ltr'>macula</span> <span class='ocrx_word' id='word_1_127' title='bbox 557 1003 658 1045; x_wconf 82' lang='lat' dir='ltr'>nigra</span> <span class='ocrx_word' id='word_1_128' title='bbox 681 1003 861 1045; x_wconf 85' lang='lat' dir='ltr'>utrinque.</span> <span class='ocrx_word' id='word_1_129' title='bbox 889 998 1074 1046; x_wconf 78' lang='lat' dir='ltr'>Reliquae</span> <span class='ocrx_word' id='word_1_130' title='bbox 1095 1008 1195 1033; x_wconf 87' lang='lat' dir='ltr'>totae</span> <span class='ocrx_word' id='word_1_131' title='bbox 1219 1004 1394 1033; x_wconf 86' lang='lat' dir='ltr'>cinereae.</span> <span class='ocrx_word' id='word_1_132' title='bbox 1421 998 1547 1032; x_wconf 80' lang='lat' dir='ltr'>Pedes</span> <span class='ocrx_word' id='word_1_133' title='bbox 1574 999 1771 1044; x_wconf 85' lang='lat' dir='ltr'>tridactyli,</span> 
     </span>
     <span class='ocr_line' id='line_1_17' title="bbox 164 1053 1772 1104; baseline -0.001 -14"><span class='ocrx_word' id='word_1_134' title='bbox 164 1068 248 1092; x_wconf 90' lang='lat' dir='ltr'>cum</span> <span class='ocrx_word' id='word_1_135' title='bbox 267 1054 404 1104; x_wconf 84' lang='lat' dir='ltr'>papilla</span> <span class='ocrx_word' id='word_1_136' title='bbox 421 1054 590 1103; x_wconf 85' lang='lat' dir='ltr'>pollicari</span> <span class='ocrx_word' id='word_1_137' title='bbox 606 1053 713 1090; x_wconf 91' lang='lat' dir='ltr'>molli</span> <span class='ocrx_word' id='word_1_138' title='bbox 732 1059 868 1089; x_wconf 85' lang='lat' dir='ltr'>mutica</span> <span class='ocrx_word' id='word_1_139' title='bbox 882 1082 890 1100; x_wconf 95' lang='lat'>,</span> <span class='ocrx_word' id='word_1_140' title='bbox 907 1060 1042 1089; x_wconf 86' lang='lat' dir='ltr'>cinerei</span> <span class='ocrx_word' id='word_1_141' title='bbox 1054 1065 1116 1090; x_wconf 89' lang='lat' dir='ltr'>aut</span> <span class='ocrx_word' id='word_1_142' title='bbox 1127 1055 1274 1090; x_wconf 69' lang='lat' dir='ltr'>sordide</span> <span class='ocrx_word' id='word_1_143' title='bbox 1285 1054 1370 1090; x_wconf 87' lang='lat' dir='ltr'>albi.</span> <span class='ocrx_word' id='word_1_144' title='bbox 1390 1056 1559 1090; x_wconf 79' lang='lat' dir='ltr'>Femom</span> <span class='ocrx_word' id='word_1_145' title='bbox 1573 1056 1772 1091; x_wconf 80' lang='lat' dir='ltr'>seminuda.</span> 
     </span>
    </p>
   </div>
   <div class='ocr_carea' id='block_1_6' title="bbox 610 1170 1322 1214">
    <p class='ocr_par' dir='ltr' id='par_1_7' title="bbox 610 1170 1322 1214">
     <span class='ocr_line' id='line_1_18' title="bbox 610 1170 1322 1214; baseline -0.003 0"><span class='ocrx_word' id='word_1_146' title='bbox 610 1170 934 1214; x_wconf 86' lang='lat' dir='ltr'><strong>STERNA</strong></span> <span class='ocrx_word' id='word_1_147' title='bbox 980 1170 1322 1214; x_wconf 91' lang='lat' dir='ltr'>MINUTA.</span> 
     </span>
    </p>
   </div>
   <div class='ocr_carea' id='block_1_7' title="bbox 161 1274 1774 1662">
    <p class='ocr_par' dir='ltr' id='par_1_8' title="bbox 237 1274 950 1323">
     <span class='ocr_line' id='line_1_19' title="bbox 237 1274 950 1323; baseline -0.003 -11"><span class='ocrx_word' id='word_1_148' title='bbox 237 1281 473 1312; x_wconf 63' lang='lat' dir='ltr'>C11AnAnmo</span> <span class='ocrx_word' id='word_1_149' title='bbox 499 1275 675 1310; x_wconf 82' lang='lat' dir='ltr'>hiaticula</span> <span class='ocrx_word' id='word_1_150' title='bbox 694 1274 805 1323; x_wconf 91' lang='lat' dir='ltr'>paulo</span> <span class='ocrx_word' id='word_1_151' title='bbox 825 1276 950 1321; x_wconf 87' lang='lat' dir='ltr'>major.</span> 
     </span>
    </p>

    <p class='ocr_par' dir='ltr' id='par_1_9' title="bbox 161 1330 1774 1662">
     <span class='ocr_line' id='line_1_20' title="bbox 233 1330 1772 1379; baseline -0.001 -11"><span class='ocrx_word' id='word_1_152' title='bbox 233 1336 357 1369; x_wconf 78' lang='lat' dir='ltr'>Frons</span> <span class='ocrx_word' id='word_1_153' title='bbox 371 1333 453 1367; x_wconf 81' lang='lat' dir='ltr'>alba</span> <span class='ocrx_word' id='word_1_154' title='bbox 476 1332 585 1367; x_wconf 84' lang='lat' dir='ltr'>bifida</span> <span class='ocrx_word' id='word_1_155' title='bbox 606 1344 713 1379; x_wconf 88' lang='lat' dir='ltr'>super</span> <span class='ocrx_word' id='word_1_156' title='bbox 733 1331 861 1365; x_wconf 88' lang='lat' dir='ltr'>oculos</span> <span class='ocrx_word' id='word_1_157' title='bbox 887 1331 1077 1378; x_wconf 86' lang='lat' dir='ltr'>producta.</span> <span class='ocrx_word' id='word_1_158' title='bbox 1105 1332 1218 1376; x_wconf 80' lang='lat' dir='ltr'>Regio</span> <span class='ocrx_word' id='word_1_159' title='bbox 1239 1340 1324 1364; x_wconf 80' lang='lat' dir='ltr'>ante</span> <span class='ocrx_word' id='word_1_160' title='bbox 1344 1330 1473 1364; x_wconf 85' lang='lat' dir='ltr'>oculos</span> <span class='ocrx_word' id='word_1_161' title='bbox 1492 1336 1604 1376; x_wconf 80' lang='lat' dir='ltr'>nigra.</span> <span class='ocrx_word' id='word_1_162' title='bbox 1630 1330 1772 1366; x_wconf 60' lang='lat' dir='ltr'>Vercex</span> 
     </span>
     <span class='ocr_line' id='line_1_21' title="bbox 161 1385 1773 1437; baseline -0.002 -12"><span class='ocrx_word' id='word_1_163' title='bbox 161 1397 282 1437; x_wconf 78' lang='lat' dir='ltr'>niger,</span> <span class='ocrx_word' id='word_1_164' title='bbox 311 1395 481 1436; x_wconf 85' lang='lat' dir='ltr'>utrinque</span> <span class='ocrx_word' id='word_1_165' title='bbox 511 1393 550 1421; x_wconf 88' lang='lat' dir='ltr'>in</span> <span class='ocrx_word' id='word_1_166' title='bbox 579 1397 746 1433; x_wconf 87' lang='lat' dir='ltr'>tempora</span> <span class='ocrx_word' id='word_1_167' title='bbox 773 1395 809 1419; x_wconf 87' lang='lat' dir='ltr'>et</span> <span class='ocrx_word' id='word_1_168' title='bbox 843 1385 1059 1432; x_wconf 81' lang='lat' dir='ltr'>profundius</span> <span class='ocrx_word' id='word_1_169' title='bbox 1089 1391 1127 1418; x_wconf 89' lang='lat' dir='ltr'>in</span> <span class='ocrx_word' id='word_1_170' title='bbox 1155 1385 1316 1418; x_wconf 87' lang='lat' dir='ltr'>nucham</span> <span class='ocrx_word' id='word_1_171' title='bbox 1347 1385 1584 1420; x_wconf 84' lang='lat' dir='ltr'>descendens.</span> <span class='ocrx_word' id='word_1_172' title='bbox 1625 1386 1773 1421; x_wconf 88' lang='lat' dir='ltr'>Collare</span> 
     </span>
     <span class='ocr_line' id='line_1_22' title="bbox 161 1441 1774 1491; baseline -0.002 -10"><span class='ocrx_word' id='word_1_173' title='bbox 161 1447 306 1490; x_wconf 84' lang='lat' dir='ltr'>album,</span> <span class='ocrx_word' id='word_1_174' title='bbox 324 1455 359 1480; x_wconf 88' lang='lat' dir='ltr'>et</span> <span class='ocrx_word' id='word_1_175' title='bbox 377 1456 506 1478; x_wconf 84' lang='lat' dir='ltr'>omnes</span> <span class='ocrx_word' id='word_1_176' title='bbox 517 1452 635 1491; x_wconf 87' lang='lat' dir='ltr'>partes</span> <span class='ocrx_word' id='word_1_177' title='bbox 650 1441 849 1476; x_wconf 85' lang='lat' dir='ltr'>inferiores.</span> <span class='ocrx_word' id='word_1_178' title='bbox 865 1441 1040 1476; x_wconf 79' lang='lat' dir='ltr'>Dorsum</span> <span class='ocrx_word' id='word_1_179' title='bbox 1058 1446 1242 1475; x_wconf 86' lang='lat' dir='ltr'>cinereum</span> <span class='ocrx_word' id='word_1_180' title='bbox 1255 1469 1263 1485; x_wconf 91' lang='lat'>,</span> <span class='ocrx_word' id='word_1_181' title='bbox 1283 1454 1487 1488; x_wconf 87' lang='lat' dir='ltr'>pennarum</span> <span class='ocrx_word' id='word_1_182' title='bbox 1507 1441 1648 1477; x_wconf 86' lang='lat' dir='ltr'>ambitu</span> <span class='ocrx_word' id='word_1_183' title='bbox 1664 1442 1774 1478; x_wconf 87' lang='lat' dir='ltr'>brun-</span> 
     </span>
     <span class='ocr_line' id='line_1_23' title="bbox 161 1498 1771 1547; baseline -0.003 -9"><span class='ocrx_word' id='word_1_184' title='bbox 161 1515 243 1539; x_wconf 87' lang='lat' dir='ltr'>neo.</span> <span class='ocrx_word' id='word_1_185' title='bbox 270 1502 436 1536; x_wconf 76' lang='lat' dir='ltr'>Hzmwri</span> <span class='ocrx_word' id='word_1_186' title='bbox 459 1505 690 1547; x_wconf 80' lang='lat' dir='ltr'>nigricantes.</span> <span class='ocrx_word' id='word_1_187' title='bbox 720 1498 906 1544; x_wconf 73' lang='lat' dir='ltr'>Remiges</span> <span class='ocrx_word' id='word_1_188' title='bbox 926 1503 1090 1532; x_wconf 83' lang='lat' dir='ltr'>cinereae</span> <span class='ocrx_word' id='word_1_189' title='bbox 1103 1525 1112 1542; x_wconf 90' lang='lat'>,</span> <span class='ocrx_word' id='word_1_190' title='bbox 1133 1504 1297 1545; x_wconf 82' lang='lat' dir='ltr'>margine</span> <span class='ocrx_word' id='word_1_191' title='bbox 1317 1504 1498 1533; x_wconf 82' lang='lat' dir='ltr'>exteriore</span> <span class='ocrx_word' id='word_1_192' title='bbox 1516 1505 1629 1546; x_wconf 79' lang='lat' dir='ltr'>magis</span> <span class='ocrx_word' id='word_1_193' title='bbox 1650 1505 1771 1546; x_wconf 81' lang='lat' dir='ltr'>nigro,</span> 
     </span>
     <span class='ocr_line' id='line_1_24' title="bbox 162 1553 1773 1603; baseline -0.004 -7"><span class='ocrx_word' id='word_1_194' title='bbox 162 1573 282 1596; x_wconf 83' lang='lat' dir='ltr'>versus</span> <span class='ocrx_word' id='word_1_195' title='bbox 302 1563 473 1593; x_wconf 87' lang='lat' dir='ltr'>interiora</span> <span class='ocrx_word' id='word_1_196' title='bbox 497 1555 734 1591; x_wconf 82' lang='lat' dir='ltr'>albescentes.</span> <span class='ocrx_word' id='word_1_197' title='bbox 773 1555 864 1589; x_wconf 84' lang='lat' dir='ltr'>Tres</span> <span class='ocrx_word' id='word_1_198' title='bbox 884 1554 1036 1590; x_wconf 88' lang='lat' dir='ltr'>ultimae</span> <span class='ocrx_word' id='word_1_199' title='bbox 1060 1555 1176 1590; x_wconf 86' lang='lat' dir='ltr'>cauda</span> <span class='ocrx_word' id='word_1_200' title='bbox 1198 1554 1317 1590; x_wconf 89' lang='lat' dir='ltr'>multo</span> <span class='ocrx_word' id='word_1_201' title='bbox 1336 1553 1542 1603; x_wconf 55' lang='lat' dir='ltr'>’longiores</span> <span class='ocrx_word' id='word_1_202' title='bbox 1578 1556 1773 1591; x_wconf 72' lang='lat' dir='ltr'>Recclices</span> 
     </span>
     <span class='ocr_line' id='line_1_25' title="bbox 162 1610 1756 1662; baseline -0.004 -10"><span class='ocrx_word' id='word_1_203' title='bbox 162 1622 346 1661; x_wconf 85' lang='lat' dir='ltr'>cinereae,</span> <span class='ocrx_word' id='word_1_204' title='bbox 369 1613 509 1650; x_wconf 80' lang='lat' dir='ltr'>inferne</span> <span class='ocrx_word' id='word_1_205' title='bbox 526 1612 708 1662; x_wconf 85' lang='lat' dir='ltr'>pallidius.</span> <span class='ocrx_word' id='word_1_206' title='bbox 736 1610 895 1646; x_wconf 72' lang='lat' dir='ltr'>Rhaehis</span> <span class='ocrx_word' id='word_1_207' title='bbox 914 1610 1008 1646; x_wconf 84' lang='lat' dir='ltr'>alba.</span> <span class='ocrx_word' id='word_1_208' title='bbox 1034 1612 1204 1646; x_wconf 75' lang='lat' dir='ltr'>Femora</span> <span class='ocrx_word' id='word_1_209' title='bbox 1222 1611 1425 1647; x_wconf 88' lang='lat' dir='ltr'>seminuda.</span> <span class='ocrx_word' id='word_1_210' title='bbox 1453 1612 1581 1647; x_wconf 80' lang='lat' dir='ltr'>Pedes</span> <span class='ocrx_word' id='word_1_211' title='bbox 1605 1611 1756 1647; x_wconf 85' lang='lat' dir='ltr'>subfissi.</span> 
     </span>
    </p>
   </div>
   <div class='ocr_carea' id='block_1_8' title="bbox 583 1723 1358 1767">
    <p class='ocr_par' dir='ltr' id='par_1_10' title="bbox 583 1723 1358 1767">
     <span class='ocr_line' id='line_1_26' title="bbox 583 1723 1358 1767; baseline 0 0"><span class='ocrx_word' id='word_1_212' title='bbox 583 1723 907 1767; x_wconf 77' lang='lat' dir='ltr'><strong>STERNA</strong></span> <span class='ocrx_word' id='word_1_213' title='bbox 957 1723 1358 1767; x_wconf 83' lang='lat' dir='ltr'>HIRUNDO.</span> 
     </span>
    </p>
   </div>
   <div class='ocr_carea' id='block_1_9' title="bbox 163 1819 1771 2211">
    <p class='ocr_par' dir='ltr' id='par_1_11' title="bbox 163 1819 1771 2211">
     <span class='ocr_line' id='line_1_27' title="bbox 235 1819 1770 1871; baseline -0.003 -10"><span class='ocrx_word' id='word_1_214' title='bbox 235 1827 300 1861; x_wconf 70' lang='lat' dir='ltr'>DE</span> <span class='ocrx_word' id='word_1_215' title='bbox 319 1824 429 1871; x_wconf 83' lang='lat' dir='ltr'>hujus</span> <span class='ocrx_word' id='word_1_216' title='bbox 447 1821 609 1857; x_wconf 89' lang='lat' dir='ltr'>moribus</span> <span class='ocrx_word' id='word_1_217' title='bbox 628 1825 817 1869; x_wconf 84' lang='lat' dir='ltr'>sequentia</span> <span class='ocrx_word' id='word_1_218' title='bbox 840 1819 1036 1856; x_wconf 84' lang='lat' dir='ltr'>observavi.</span> <span class='ocrx_word' id='word_1_219' title='bbox 1064 1820 1148 1855; x_wconf 88' lang='lat' dir='ltr'>Vidi</span> <span class='ocrx_word' id='word_1_220' title='bbox 1169 1820 1256 1855; x_wconf 82' lang='lat' dir='ltr'>duas</span> <span class='ocrx_word' id='word_1_221' title='bbox 1275 1833 1378 1866; x_wconf 82' lang='lat' dir='ltr'>aves,</span> <span class='ocrx_word' id='word_1_222' title='bbox 1403 1833 1542 1856; x_wconf 89' lang='lat' dir='ltr'>marem</span> <span class='ocrx_word' id='word_1_223' title='bbox 1561 1826 1639 1857; x_wconf 86' lang='lat' dir='ltr'>sine</span> <span class='ocrx_word' id='word_1_224' title='bbox 1658 1821 1770 1857; x_wconf 89' lang='lat' dir='ltr'>dubio</span> 
     </span>
     <span class='ocr_line' id='line_1_28' title="bbox 164 1876 1771 1926; baseline -0.003 -9"><span class='ocrx_word' id='word_1_225' title='bbox 164 1892 201 1918; x_wconf 89' lang='lat' dir='ltr'>et</span> <span class='ocrx_word' id='word_1_226' title='bbox 225 1882 419 1925; x_wconf 83' lang='lat' dir='ltr'>feminam,</span> <span class='ocrx_word' id='word_1_227' title='bbox 443 1890 538 1915; x_wconf 83' lang='lat' dir='ltr'>retro</span> <span class='ocrx_word' id='word_1_228' title='bbox 565 1878 753 1913; x_wconf 86' lang='lat' dir='ltr'>arbustum</span> <span class='ocrx_word' id='word_1_229' title='bbox 777 1877 903 1911; x_wconf 87' lang='lat' dir='ltr'>latens.</span> <span class='ocrx_word' id='word_1_230' title='bbox 930 1876 1020 1911; x_wconf 89' lang='lat' dir='ltr'>Palo</span> <span class='ocrx_word' id='word_1_231' title='bbox 1043 1889 1159 1924; x_wconf 81' lang='lat' dir='ltr'>aquae</span> <span class='ocrx_word' id='word_1_232' title='bbox 1182 1876 1320 1922; x_wconf 86' lang='lat' dir='ltr'>infixo,</span> <span class='ocrx_word' id='word_1_233' title='bbox 1341 1890 1405 1912; x_wconf 81' lang='lat' dir='ltr'>sex</span> <span class='ocrx_word' id='word_1_234' title='bbox 1423 1877 1497 1912; x_wconf 87' lang='lat' dir='ltr'>fere</span> <span class='ocrx_word' id='word_1_235' title='bbox 1517 1879 1671 1926; x_wconf 85' lang='lat' dir='ltr'>pedibus</span> <span class='ocrx_word' id='word_1_236' title='bbox 1691 1892 1711 1913; x_wconf 88' lang='lat' dir='ltr'>a</span> <span class='ocrx_word' id='word_1_237' title='bbox 1735 1892 1771 1913; x_wconf 79' lang='lat' dir='ltr'>sc</span> 
     </span>
     <span class='ocr_line' id='line_1_29' title="bbox 163 1933 1769 1984; baseline -0.002 -11"><span class='ocrx_word' id='word_1_238' title='bbox 163 1944 321 1974; x_wconf 84' lang='lat' dir='ltr'>invicem</span> <span class='ocrx_word' id='word_1_239' title='bbox 340 1937 496 1972; x_wconf 87' lang='lat' dir='ltr'>distante</span> <span class='ocrx_word' id='word_1_240' title='bbox 509 1964 517 1980; x_wconf 96' lang='lat'>,</span> <span class='ocrx_word' id='word_1_241' title='bbox 538 1934 724 1984; x_wconf 85' lang='lat' dir='ltr'>quaelibet</span> <span class='ocrx_word' id='word_1_242' title='bbox 752 1933 935 1968; x_wconf 87' lang='lat' dir='ltr'>insederat</span> <span class='ocrx_word' id='word_1_243' title='bbox 950 1961 959 1979; x_wconf 91' lang='lat'>,</span> <span class='ocrx_word' id='word_1_244' title='bbox 983 1943 1020 1968; x_wconf 85' lang='grc'>01</span> <span class='ocrx_word' id='word_1_245' title='bbox 1040 1946 1150 1968; x_wconf 90' lang='lat' dir='ltr'>rauco</span> <span class='ocrx_word' id='word_1_246' title='bbox 1179 1933 1363 1980; x_wconf 85' lang='lat' dir='ltr'>clamore,</span> <span class='ocrx_word' id='word_1_247' title='bbox 1386 1934 1460 1970; x_wconf 87' lang='lat' dir='ltr'>alas</span> <span class='ocrx_word' id='word_1_248' title='bbox 1489 1948 1554 1983; x_wconf 90' lang='lat' dir='ltr'>per</span> <span class='ocrx_word' id='word_1_249' title='bbox 1580 1942 1675 1971; x_wconf 80' lang='lat' dir='ltr'>vices</span> <span class='ocrx_word' id='word_1_250' title='bbox 1695 1941 1769 1982; x_wconf 71' lang='lat' dir='ltr'>agi-</span> 
     </span>
     <span class='ocr_line' id='line_1_30' title="bbox 164 1989 1769 2041; baseline -0.003 -12"><span class='ocrx_word' id='word_1_251' title='bbox 164 1994 298 2039; x_wconf 80' lang='lat' dir='ltr'>tando,</span> <span class='ocrx_word' id='word_1_252' title='bbox 323 2003 385 2029; x_wconf 89' lang='lat' dir='ltr'>aut</span> <span class='ocrx_word' id='word_1_253' title='bbox 405 1992 650 2041; x_wconf 82' lang='lat' dir='ltr'>expandendo</span> <span class='ocrx_word' id='word_1_254' title='bbox 669 2020 678 2037; x_wconf 93' lang='lat'>,</span> <span class='ocrx_word' id='word_1_255' title='bbox 697 1996 797 2040; x_wconf 86' lang='lat' dir='ltr'>quasi</span> <span class='ocrx_word' id='word_1_256' title='bbox 816 1989 1045 2035; x_wconf 85' lang='lat' dir='ltr'>avolaturae,</span> <span class='ocrx_word' id='word_1_257' title='bbox 1061 1990 1217 2025; x_wconf 84' lang='lat' dir='ltr'>salutare</span> <span class='ocrx_word' id='word_1_258' title='bbox 1232 2003 1269 2025; x_wconf 91' lang='grc'>50</span> <span class='ocrx_word' id='word_1_259' title='bbox 1284 2001 1347 2026; x_wconf 84' lang='lat' dir='ltr'>aut</span> <span class='ocrx_word' id='word_1_260' title='bbox 1368 1990 1503 2026; x_wconf 81' lang='lat' dir='ltr'>blanda</span> <span class='ocrx_word' id='word_1_261' title='bbox 1524 2005 1614 2027; x_wconf 84' lang='lat' dir='ltr'>voce</span> <span class='ocrx_word' id='word_1_262' title='bbox 1630 1992 1769 2038; x_wconf 82' lang='lat' dir='ltr'>alloqui</span> 
     </span>
     <span class='ocr_line' id='line_1_31' title="bbox 165 2047 1768 2096; baseline -0.004 -11"><span class='ocrx_word' id='word_1_263' title='bbox 165 2064 200 2085; x_wconf 88' lang='lat' dir='ltr'>se</span> <span class='ocrx_word' id='word_1_264' title='bbox 223 2050 316 2086; x_wconf 87' lang='lat' dir='ltr'>velle</span> <span class='ocrx_word' id='word_1_265' title='bbox 337 2050 428 2085; x_wconf 89' lang='lat' dir='ltr'>mihi</span> <span class='ocrx_word' id='word_1_266' title='bbox 448 2056 544 2085; x_wconf 89' lang='lat' dir='ltr'>visae</span> <span class='ocrx_word' id='word_1_267' title='bbox 564 2058 704 2094; x_wconf 83' lang='lat' dir='ltr'>essent,</span> <span class='ocrx_word' id='word_1_268' title='bbox 725 2054 754 2083; x_wconf 87' lang='lat' dir='ltr'>si</span> <span class='ocrx_word' id='word_1_269' title='bbox 773 2060 810 2082; x_wconf 90' lang='lat' dir='ltr'>se</span> <span class='ocrx_word' id='word_1_270' title='bbox 829 2052 985 2082; x_wconf 82' lang='lat' dir='ltr'>invicem</span> <span class='ocrx_word' id='word_1_271' title='bbox 1004 2052 1262 2095; x_wconf 80' lang='lat' dir='ltr'>respexissent,</span> <span class='ocrx_word' id='word_1_272' title='bbox 1278 2060 1399 2096; x_wconf 88' lang='lat' dir='ltr'>neque</span> <span class='ocrx_word' id='word_1_273' title='bbox 1419 2047 1606 2096; x_wconf 84' lang='lat' dir='ltr'>quaelibet</span> <span class='ocrx_word' id='word_1_274' title='bbox 1629 2054 1665 2081; x_wconf 88' lang='lat' dir='ltr'>in</span> <span class='ocrx_word' id='word_1_275' title='bbox 1685 2059 1768 2080; x_wconf 83' lang='lat' dir='ltr'>ean-</span> 
     </span>
     <span class='ocr_line' id='line_1_32' title="bbox 165 2103 1767 2155; baseline -0.004 -13"><span class='ocrx_word' id='word_1_276' title='bbox 165 2107 249 2143; x_wconf 89' lang='lat' dir='ltr'>dem</span> <span class='ocrx_word' id='word_1_277' title='bbox 277 2107 423 2155; x_wconf 83' lang='lat' dir='ltr'>plagam</span> <span class='ocrx_word' id='word_1_278' title='bbox 456 2116 565 2154; x_wconf 88' lang='lat' dir='ltr'>caput</span> <span class='ocrx_word' id='word_1_279' title='bbox 594 2105 849 2155; x_wconf 86' lang='lat' dir='ltr'>protendisset.</span> <span class='ocrx_word' id='word_1_280' title='bbox 894 2104 1065 2139; x_wconf 83' lang='lat' dir='ltr'>Tandem</span> <span class='ocrx_word' id='word_1_281' title='bbox 1089 2103 1304 2149; x_wconf 88' lang='lat' dir='ltr'>avolarunt,</span> <span class='ocrx_word' id='word_1_282' title='bbox 1335 2117 1394 2139; x_wconf 89' lang='lat' dir='ltr'>me</span> <span class='ocrx_word' id='word_1_283' title='bbox 1424 2115 1465 2140; x_wconf 90' lang='grc'>111</span> <span class='ocrx_word' id='word_1_284' title='bbox 1494 2110 1645 2152; x_wconf 79' lang='lat' dir='ltr'>opinor,</span> <span class='ocrx_word' id='word_1_285' title='bbox 1669 2108 1767 2148; x_wconf 84' lang='lat' dir='ltr'>viso,</span> 
     </span>
     <span class='ocr_line' id='line_1_33' title="bbox 164 2158 1767 2211; baseline -0.001 -13"><span class='ocrx_word' id='word_1_286' title='bbox 164 2169 436 2211; x_wconf 83' lang='lat' dir='ltr'>auctioremque</span> <span class='ocrx_word' id='word_1_287' title='bbox 458 2175 589 2199; x_wconf 82' lang='lat' dir='ltr'>vocem</span> <span class='ocrx_word' id='word_1_288' title='bbox 612 2167 729 2198; x_wconf 83' lang='lat' dir='ltr'>emisit</span> <span class='ocrx_word' id='word_1_289' title='bbox 753 2161 882 2207; x_wconf 82' lang='lat' dir='ltr'>altera,</span> <span class='ocrx_word' id='word_1_290' title='bbox 913 2160 1056 2196; x_wconf 79' lang='lat' dir='ltr'>nullam</span> <span class='ocrx_word' id='word_1_291' title='bbox 1079 2172 1201 2198; x_wconf 79' lang='lat' dir='ltr'>autem</span> <span class='ocrx_word' id='word_1_292' title='bbox 1227 2173 1320 2210; x_wconf 83' lang='lat' dir='ltr'>quae</span> <span class='ocrx_word' id='word_1_293' title='bbox 1348 2161 1460 2210; x_wconf 85' lang='lat' dir='ltr'>paulo</span> <span class='ocrx_word' id='word_1_294' title='bbox 1485 2170 1569 2209; x_wconf 84' lang='lat' dir='ltr'>post</span> <span class='ocrx_word' id='word_1_295' title='bbox 1588 2158 1767 2196; x_wconf 77' lang='lat' dir='ltr'>avolavit.</span> 
     </span>
    </p>
   </div>
   <div class='ocr_carea' id='block_1_10' title="bbox 162 2219 1427 2310">
    <p class='ocr_par' dir='ltr' id='par_1_12' title="bbox 162 2219 1427 2310">
     <span class='ocr_line' id='line_1_34' title="bbox 162 2219 1427 2310; baseline 0 -55"><span class='ocrx_word' id='word_1_296' title='bbox 162 2220 286 2256; x_wconf 84' lang='lat' dir='ltr'>altera.</span> <span class='ocrx_word' id='word_1_297' title='bbox 314 2220 364 2254; x_wconf 92' lang='lat' dir='ltr'>D.</span> <span class='ocrx_word' id='word_1_298' title='bbox 383 2219 438 2256; x_wconf 73' lang='lat'>26.</span> <span class='ocrx_word' id='word_1_299' title='bbox 454 2219 541 2268; x_wconf 90' lang='lat' dir='ltr'>Apr.</span> <span class='ocrx_word' id='word_1_300' title='bbox 562 2220 660 2267; x_wconf 73' lang='lat'>1795.</span> <span class='ocrx_word' id='word_1_301' title='bbox 1391 2275 1427 2310; x_wconf 83' lang='lat' dir='ltr'>U</span> 
     </span>
    </p>
   </div>
  </div>
 </body>
</html>
