2054 2748
259 174 312 216 52
629 161 1106 197 OBSERVATIONES
1153 162 1513 193 ZOOLOGICAE.

330 254 362 290 5.
384 254 575 289 Feminam
598 252 710 301 paulo
734 253 911 298 majorem
925 277 934 295 ‚
965 247 1044 297 pilo
1071 246 1183 296 plane
1209 247 1407 295 diversam,
1435 247 1589 285 maculis
1612 249 1871 298 irregularibus

257 311 528 362 nigricantibus.

330 376 364 413 4.
384 370 529 404 Marem
548 372 676 403 ceteris
696 366 886 413 majorem.
914 362 1096 399 Omnibus
1117 362 1261 398 indoles
1283 361 1365 399 alia.

332 491 510 528 Canicula
536 489 606 526 alia
629 499 710 522 mea
728 499 774 522 ex
789 486 925 522 familia
947 499 1042 536 quae
1069 484 1263 535 Epagneul
1283 484 1437 533 dicitur,
1457 497 1479 521 a
1498 496 1591 521 cane
1608 485 1778 523 fricatore
1796 484 1872 521 soe-

258 550 438 595 enudata,
465 557 620 597 quatuor
643 544 926 593 perfectissimos
946 543 1136 579 fricatores
1159 548 1310 592 peperit.

332 659 517 697 Medulla
537 672 564 693 a
587 666 739 701 matre,
765 667 900 693 corceat
919 670 945 692 a
961 666 1086 704 patre.
1112 655 1231 690 Linn,

331 719 373 754 Id
391 722 530 766 saepius
548 721 676 764 utique
699 714 864 749 observo.

332 773 508 811 Canicula
528 786 610 808 mea
633 772 737 818 alba,
759 770 913 807 maculis
936 769 1042 806 fulvis
1055 797 1064 815 ‚
1083 778 1169 804 nata
1189 777 1293 816 patre
1312 765 1443 811 simili,
1460 775 1578 801 matre
1597 770 1720 813 nigra,
1745 766 1877 814 (varie-

258 839 340 870 tatis
355 831 527 879 Pyrame)
549 830 666 866 fulvos
686 829 869 878 fulgentes
884 834 996 877 patris
1016 825 1146 862 oculos
1166 825 1307 860 habuit.
1324 824 1388 872 (Id
1401 835 1488 859 sane
1503 823 1551 859 ad
1566 829 1743 859 corticem
1755 823 1878 859 referri

258 889 417 940 nequit.)
1721 914 1725 917 .

330 947 473 984 Eadem
493 944 661 981 canicula
674 950 855 980 varietatis
874 945 1028 990 Pyrame
1041 955 1062 978 a
1082 950 1185 990 patre
1204 939 1407 987 ineleganti
1425 937 1562 973 coloris
1577 936 1666 973 fulvi
1679 946 1743 972 aut
1761 946 1878 973 casta-

259 1010 320 1040 nei
339 1010 443 1052 nigro
470 1009 576 1038 mixti
596 1008 738 1052 peperit
761 1001 903 1036 catulos
925 1010 1105 1049 quatuor,
1125 1010 1242 1033 unum
1266 1002 1412 1044 nigrum
1432 1004 1646 1040 mortuum,
1672 994 1764 1030 duos
1786 999 1881 1042 patri

261 1061 417 1107 similes,
444 1073 561 1096 unum
575 1071 731 1095 amoene
754 1068 976 1093 castaneum.
1003 1058 1116 1091 Matri
1134 1067 1280 1103 prorsus
1299 1052 1460 1088 similem
1479 1051 1636 1086 nullum.

333 1120 591 1155 Asseveratum
612 1117 701 1151 mihi
722 1125 775 1151 est
795 1127 925 1151 canem
953 1114 1184 1157 fricatorem‚
1212 1124 1344 1160 parvae
1362 1120 1522 1146 staturae
1536 1138 1545 1154 ,
1572 1115 1778 1154 cineream,
1801 1121 1881 1144 sae-

260 1184 340 1226 pius
359 1182 540 1226 peperisse
556 1180 663 1210 matri
678 1173 813 1209 similes
834 1172 974 1208 catulos
997 1171 1160 1219 (patrem
1178 1168 1286 1204 fuisse
1305 1167 1471 1215 ejusdem
1485 1165 1641 1213 coloris)
1658 1166 1722 1201 sed
1740 1178 1883 1215 semper

261 1246 377 1269 unum
397 1239 542 1281 nigrum
561 1238 656 1267 inter
676 1243 739 1265 eos
761 1230 877 1264 fuisse.

333 1289 423 1323 Alui
445 1298 569 1322 catum
597 1298 736 1321 marem
765 1292 912 1320 cinereo
937 1289 1120 1332 nigroque
1147 1287 1374 1330 variegatum
1389 1309 1398 1326 ,
1429 1281 1503 1315 fere
1523 1280 1570 1315 ad
1595 1280 1789 1315 Schreberi
1813 1280 1884 1326 syl-

260 1357 417 1382 vestrem
448 1345 681 1390 (recentioris
707 1342 864 1389 figurae)
894 1341 1138 1377 accedentem
1154 1369 1163 1385 ‚
1189 1351 1276 1374 cum
1303 1337 1375 1372 fele
1398 1336 1535 1372 femina
1559 1342 1741 1373 varietatis
1762 1336 1884 1386 hispa-

262 1409 367 1438 nicae
387 1400 579 1435 tricoloris.
606 1399 683 1432 Eae
703 1402 798 1430 inter
821 1407 859 1429 se
883 1403 1102 1441 generarunt
1126 1401 1287 1440 quatuor
1304 1391 1469 1425 catulos:

335 1460 465 1495 Unum
489 1460 584 1504 patri
612 1455 686 1488 fere
711 1452 888 1495 similem;
919 1462 1036 1486 unum
1061 1448 1273 1493 clariorem,
1297 1446 1372 1481 fere
1399 1446 1447 1481 ad
1475 1446 1751 1483 carthusianum
1779 1461 1884 1484 acce-

263 1518 414 1553 dentem
438 1513 502 1549 sed
529 1511 726 1560 pallidiore
750 1509 900 1554 colore,
930 1513 999 1544 isto
1021 1506 1148 1542 colore
1172 1511 1320 1541 cinereo
1345 1509 1560 1541 saturatiore
1582 1515 1736 1554 paterno
1757 1512 1884 1542 mixt0.

264 1576 394 1612 Unum
413 1572 572 1619 denique
591 1574 698 1604 matri
719 1566 887 1603 similem.

341 1629 417 1667 Ubi
436 1628 528 1664 haec
549 1639 685 1676 quaeso
706 1634 834 1660 cortex
851 1636 872 1658 a
896 1621 1024 1672 patre?

344 1741 406 1776 On
426 1749 486 1777 esc
507 1742 643 1776 assure'
670 1750 747 1786 que
767 1736 804 1771 le
824 1734 978 1771 coclzon
1004 1743 1045 1768 ec
1075 1732 1111 1767 le
1134 1732 1252 1768 chien
1282 1732 1397 1767 ηόιιε
1421 1731 1558 1766 besoitz
1582 1743 1660 1778 que
1682 1730 1780 1765 d'un
1800 1731 1888 1766 seul

270 1798 577 1846 accoztplemenc
590 1808 695 1845 pour
706 1794 892 1844 prodzcile
911 1805 961 1827 en
977 1790 1111 1840 grand
1129 1789 1302 1825 nombre.
1328 1791 1496 1824 BUFFON.
1516 1788 1558 1822 V.
1577 1800 1612 1835 p.
1637 1789 1713 1822 108.

344 1858 417 1890 Cur
437 1867 521 1902 ergo
540 1866 622 1889 mea
636 1854 790 1899 Pyrame
808 1863 887 1886 non
903 1861 979 1885 uno
995 1854 1097 1883 coitu
1115 1847 1267 1895 impleta
1287 1856 1341 1881 est
1351 1847 1366 1880 ἶ)
1395 1848 1468 1880 Cur
1486 1844 1674 1891 inelegans
1695 1845 1814 1890 major
1827 1857 1888 1879 ca-

270 1919 325 1949 nis
341 1917 512 1947 erraticus
528 1915 591 1959 qui
610 1915 770 1958 primum
796 1908 901 1943 illam
923 1910 1023 1948 iniit,
1042 1916 1155 1939 unam
1175 1903 1333 1938 similem
1355 1902 1562 1938 caniculam
1583 1914 1669 1936 cum
1691 1901 1756 1936 illa
1779 1914 1887 1949 gene-

270 1976 384 2015 ravit,
405 1979 441 2004 et
466 1974 576 2003 ceteri
597 1967 710 2003 catuli
728 1967 946 2015 elegantiori
965 1967 1175 2010 minorique
1193 1966 1286 2010 patri
1306 1965 1370 2009 qui
1388 1959 1444 1995 illi
1463 1959 1568 1995 datus
1588 1968 1642 1994 est
1662 1969 1813 2008 postea,
1840 1964 1889 2000 si-v

271 2027 376 2064 miles
394 2026 541 2061 fuerunt
555 2026 570 2060 ζ)

645 2095 885 2142 CANIS
936 2092 1207 2138 LUPUS'
1239 2090 1509 2136 NIGER.

346 2196 448 2231 Mun
468 2199 564 2228 circa
585 2191 628 2226 A.
654 2192 754 2238 1780.
777 2194 930 2224 nomine
956 2188 1034 2236 lupi
1054 2191 1149 2235 nigri
1175 2185 1304 2221 datum
1324 2195 1378 2220 est
1400 2183 1539 2219 animal
1558 2182 1711 2227 fartum,
1732 2187 1771 2217 in
1790 2179 1888 2226 sylva

275 2255 513 2300 Hagcnoviae
544 2258 726 2285 necatum.
768 2249 848 2283 Diu
878 2258 943 2294 pro
973 2245 1062 2294 lupo
1092 2255 1293 2292 agnoscere
1317 2241 1426 2277 illum
1449 2245 1610 2276 recusavi
1642 2250 1677 2275 et
1704 2251 1770 2288 pro
1797 2249 1888 2272 cane

1695 2296 1888 2332 lanionum
