2054 2748
250 147 306 191 66
609 152 1076 188 onsEnvATmNEs
1125 153 1479 185 ZOOLOGICAE.

252 245 343 280 culis
366 243 472 279 nudis
485 264 499 289 ,-
518 242 728 278 nullatenus
751 242 927 286 barbatis,
954 238 1156 290 iisdemque
1180 238 1404 275 brevioribus
1428 250 1464 276 et
1489 246 1603 289 magis
1629 245 1855 289 Cirr-innatis,

252 313 292 338 ut
312 303 471 338 diversae
497 300 637 336 suturae
657 310 774 335 essent
793 298 995 344 auriculae,
1021 303 1049 333 si
1074 303 1183 333 etiam
1204 304 1340 332 sciurus
1369 297 1526 345 vulgaris
1550 311 1695 347 prorsus
1719 298 1856 348 absque

252 358 434 409 penicillis
462 358 706 394 auricularum
729 365 829 391 essct.
868 354 1064 390 Auriculae
1088 354 1179 390 facie
1211 360 1413 404 posteriore
1439 355 1555 390 albae.
1580 357 1718 391 Venter
1737 362 1856 391 minus

253 425 378 454 niveus
405 418 535 463 hyeme
552 445 560 461 ,
586 416 648 449 sed
677 416 837 448 Pratensi
857 424 982 448 mense
1008 424 1093 447 sanc
1125 412 1327 456 candidus,
1353 417 1548 459 minusque
1580 412 1694 447 denso
1723 413 1857 448 vellere

253 486 379 512 lectus.
408 475 532 509 Gauda
562 483 767 519 compressa
792 470 941 519 quidem
962 498 970 515 ,
1002 469 1065 504 sed
1088 474 1207 504 minus
1229 469 1416 504 evidenter
1438 468 1618 514 disticha,
1645 469 1730 517 pilis
1754 476 1857 518 apice

252 533 366 576 albis,
405 544 497 579 «luae
530 535 563 562 in
598 539 754 576 utroque
779 527 916 563 caudae
939 532 1102 574 margine
1128 525 1265 561 lineam
1296 525 1420 560 albam
1447 524 1627 570 elliciunt3
1664 525 1747 574 pilis
1773 536 1858 561 autc

252 590 462 626 albedinem
484 591 602 632 nigris.

327 646 385 680 Sic
410 643 483 679 vidi
510 644 580 677 Ao.
608 642 639 677 5.
670 642 783 690 (Dec.
817 641 936 689 1796.)
969 653 1111 676 summe
1144 647 1327 686 cicurem‚
1367 650 1506 676 emtum
1538 639 1584 675 ab
1612 640 1765 674 homine
1798 645 1861 688 qui

251 713 444 751 vagantem
469 706 639 749 reperisse
659 699 809 734 dixerat.
837 701 889 735 Ut
908 699 1002 734 adeo
1023 704 1202 734 cicuratus
1220 700 1293 744 jam
1317 708 1402 733 ante
1426 697 1591 733 videatur
1608 696 1739 731 allatus
1754 696 1860 731 fuisse

252 761 299 796 ab
331 760 477 807 aliquo,
521 757 614 792 sorte
643 768 688 791 ex
717 756 924 791 Germania.
966 758 1060 790 Cum
1091 755 1223 790 felibus
1253 765 1290 790 et
1323 753 1473 789 canibus
1497 760 1614 789 amice
1636 752 1862 788 colludebat.

252 819 356 853 Meas
382 814 566 851 caniculas
586 813 790 861 effugiebat.
819 815 951 848 Postea
970 813 1040 848 Ao.
1056 813 1088 849 6.
1120 812 1223 860 (Oct.
1254 810 1375 858 1797.)
1400 823 1502 845 meus
1527 810 1642 844 factus
1662 818 1738 852 est·⁷
1757 809 1864 845 facies

252 884 332 909 tum
347 883 423 908 erat
446 871 735 919 subscrruginca,
763 870 876 905 latera
900 879 935 905 et
952 870 1101 904 dorsum
1127 868 1336 917 plantarum
1364 873 1400 901 in
1427 866 1583 915 pedibus
1606 865 1865 914 posterioribus

253 930 341 965 rusa.
369 928 494 963 Gauda
525 934 628 975 nigro
659 934 772 962 mixta
789 956 797 972 ,
833 937 870 962 et
894 933 1015 961 minus
1034 926 1204 974 depressa
1231 934 1266 959 et
1290 923 1468 968 disticha,
1504 923 1567 957 sed
1599 927 1758 957 torosior
1783 927 1865 957 visa.

254 988 386 1035 Repcri
408 995 444 1020 et
475 985 576 1019 illam
607 983 850 1019 differentiam
873 997 893 1018 a
918 982 1078 1029 vulgari,
1118 981 1220 1029 quod
1247 979 1363 1015 cauda
1394 991 1471 1012 11011
1502 979 1594 1013 adeo
1632 984 1677 1013 sit
1713 978 1867 1014 disticha

253 1055 375 1091 neque
398 1042 543 1077 rhacliis
581 1039 720 1075 inferne
757 1039 881 1084 nuda,
908 1038 972 1073 sed
996 1038 1160 1086 undique
1187 1036 1303 1085 pilosa
1323 1065 1331 1080 ‚
1368 1035 1442 1070 sere
1466 1045 1507 1070 ut
1534 1041 1571 1069 in
1597 1047 1733 1080 myoxo
1765 1035 1864 1082 glire.

255 1100 328 1135 Sed
350 1109 477 1148 postea
501 1100 665 1134 Pratensi
686 1109 811 1131 meuse
833 1101 917 1130 satis
940 1094 1094 1130 disticha
1118 1093 1222 1129 facta.
1250 1093 1365 1127 Color
1384 1092 1522 1127 caudae
1547 1091 1749 1137 ejusmodi,
1770 1101 1811 1126 ut
1836 1097 1867 1126 si

253 1167 353 1193 trans
373 1168 573 1205 expansam
601 1154 806 1202 adspiceres
828 1181 835 1198 ‚
862 1152 928 1201 pili
957 1157 1049 1186 inter
1068 1151 1171 1187 basin
1192 1156 1376 1185 cinereum
1405 1159 1441 1185 et
1467 1154 1609 1197 apicem
1639 1148 1767 1184 album
1793 1148 1867 1182 for-

253 1223 398 1248 marent
420 1225 545 1247 arcum
566 1217 721 1258 nigrum.

328 1270 467 1312 Miror,
501 1266 700 1301 Pallasium
732 1270 962 1299 mentionem
998 1276 1076 1297 11011
1111 1262 1228 1297 facere
1256 1268 1437 1297 varietatis
1474 1261 1589 1307 hujus.
1616 1261 1721 1296 Dicit
1753 1261 1867 1296 Gme-

254 1326 350 1360 1111115
381 1326 456 1370 jun.
488 1323 601 1370 (Icin.
628 1324 651 1357 I.
672 1335 705 1369 p.
727 1321 801 1367 35.)
834 1326 1047 1356 varietatem
1073 1319 1211 1366 absque
1230 1318 1413 1365 penicillis
1437 1327 1574 1352 aestate
1598 1323 1731 1365 pariter
1750 1316 1868 1352 rusam

255 1392 342 1416 esse.
371 1378 485 1424 Quod
504 1389 588 1411 saue
604 1388 680 1410 nou
701 1381 737 1409 in
759 1387 854 1408 meo.
884 1376 955 1407 'Hic
975 1374 1170 1407 Gmelinus
1190 1382 1224 1405 ct
1246 1384 1290 1404 ex
1309 1384 1351 1405 co
1368 1374 1676 1405 Zimmermmm
1691 1373 1869 1419 Geogrcffi

253 1438 348 1487 pltie
371 1436 437 1470 des
458 1432 680 1468 Mense-laen
705 1440 774 1464 cte.
804 1432 829 1464 l.
849 1443 885 1476 p.
916 1429 994 1463 2‘50.
1016 1440 1082 1476 pro
1108 1433 1280 1463 varietate
1305 1427 1454 1462 habent.
1481 1429 1604 1462 Etiam
1619 1433 1739 1475 ipsum
1764 1433 1869 1464 cine-

257 1507 367 1531 reum
393 1494 522 1535 Linn.,
561 1502 624 1523 seu
653 1488 861 1534 Petit-gris
898 1484 1067 1520 Bussonii.

329 1551 486 1585 Mem-ini
501 1558 560 1581 mc
575 1546 667 1581 duos
680 1543 770 1580 tales
790 1549 955 1578 cinereos
968 1543 1128 1589 juniores
1143 1540 1263 1576 media
1283 1550 1420 1576 aestate
1434 1540 1557 1577 videre
1574 1546 1612 1576 in
1634 1540 1724 1576 urbe
1737 1551 1871 1579 nostra.

328 1605 414 1640 Vidi
445 1603 544 1652 apud
578 1613 645 1637 nos
669 1629 678 1647 ‚
712 1606 775 1648 qui
804 1610 958 1647 corpore
988 1603 1124 1633 cinerei
1157 1608 1306 1643 essent,
1342 1598 1488 1643 cauda,
1532 1597 1711 1646 pedibus,
1753 1604 1871 1647 capite

257 1662 342 1699 rufis
375 1660 446 1707 (ι)

601 1715 731 1750 Seium*
753 1719 826 1748 mei
849 1712 1055 1759 vulgaris,
1081 1724 1152 1748 var.
1178 1714 1360 1746 cinereae
1388 1711 1552 1746 historia.

331 1781 462 1826 Margo
483 1783 670 1824 utriusque
692 1775 890 1824 palpebrae
914 1774 1054 1822 pallide
1079 1773 1361 1820 fulvo-griscus,
1388 1772 1435 1807 ad
1459 1771 1691 1807 latitudinem
1707 1771 1835 1806 lineae.

330 1838 501 1872 Exterior
518 1845 581 1869 aut
596 1839 775 1881 posterior
796 1832 903 1866 facies
926 1830 1171 1866 auricularum
1193 1829 1286 1864 alba.

331 1893 496 1928 Dorsum
517 1891 628 1939 paulo
650 1890 837 1924 obscurius
864 1897 916 1922 est
936 1886 1080 1934 reliquo
1104 1898 1258 1934 corpore
1280 1896 1316 1921 et
1343 1891 1380 1920 in
1406 1885 1546 1920 fuscum
1566 1897 1739 1933 vergen33
1762 1890 1812 1920 sic
1836 1895 1872 1921 et

319 2003 375 2042 (1)
406 2000 579 2041 Sequentia
614 2011 649 2029 ex
684 2000 777 2028 Valle
809 2000 919 2036 Rupea
947 1996 1067 2026 montis
1094 1996 1211 2034 Vogesi
1243 1996 1322 2024 1111111
1360 1995 1601 2025 communicata
1633 2003 1706 2025 sunt
1732 2006 1738 2024 :
1781 1997 1871 2024 “On

262 2073 282 2085 ,5
297 2051 429 2081 connait
450 2050 635 2079 rieeliement
657 2049 737 2077 deux
763 2047 889 2086 especes
911 2044 1102 2074 d'e'cureuiis
1120 2055 1158 2072 au
1178 2045 1245 2072 Ban
1267 2044 1305 2072 de
1324 2044 1352 2072 la
1380 2044 1487 2073 Roclie
1504 2067 1511 2079 ,
1542 2044 1622 2073 dont
1646 2053 1707 2072 une
1731 2051 1777 2072 est
1798 2044 1871 2082 plus

262 2099 378 2139 „gi-ise
395 2108 454 2138 que
474 2099 584 2127 l'autre
602 2120 609 2133 ,
637 2105 668 2125 et
691 2108 729 2125 eu
755 2096 856 2125 nieme
880 2102 984 2132 temps
1007 2104 1049 2122 un
1072 2102 1133 2131 peu
1161 2092 1232 2130 plus
1259 2092 1386 2131 grande.
1425 2094 1533 2131 Quant
1559 2103 1618 2120 aux
1639 2091 1796 2130 pinceaux
1817 2092 1873 2120 des

260 2168 282 2184 ᾖ,
297 2147 422 2178 oreilles
437 2169 444 2183 ‚
468 2146 490 2174 il
516 2156 565 2175 nie
585 2145 704 2174 semble
729 2155 768 2173 en
789 2144 878 2173 avoir
897 2143 937 2172 vu
957 2142 1012 2181 qui
1035 2141 1077 2170 les
1098 2140 1225 2170 avaient
1249 2150 1375 2169 comme
1398 2140 1442 2170 les
1460 2149 1570 2179 rouges
1585 2162 1592 2176 ‚
1628 2147 1659 2168 et
1678 2141 1705 2176 je
1731 2140 1795 2169 suis
1820 2140 1874 2169 sur

262 2206 335 2232 „en
358 2195 447 2226 avoir
469 2194 509 2224 vif·
538 2194 593 2234 qui
618 2204 655 2222 nc
687 2194 729 2223 les
760 2193 886 2222 avaient
918 2202 984 2230 pas.
1018 2192 1101 2220 Pour
1129 2189 1296 2218 lu'assurer
1320 2189 1450 2224 inieux‚
1478 2188 1527 2226 j'ai
1557 2187 1643 2227 paride
1668 2186 1685 2217 :⁸1
1716 2187 1872 2218 differens

265 2265 284 2279 u
299 2246 459 2275 chasseurs
483 2244 728 2280 observateurs,
752 2242 807 2282 qui
830 2242 929 2272 ui'ont
951 2239 1055 2270 assur&
1080 2249 1120 2268 en
1139 2238 1229 2269 avoir
1250 2238 1291 2268 vu
1316 2247 1392 2268 avec
1411 2237 1455 2266 les
1475 2237 1677 2277 pinceaux23.
