2054 2748
696 149 1144 177 AMPHIBIA.
1636 142 1711 184 261

118 242 200 268 tuor
215 233 334 268 lineae
357 232 502 268 albidae
522 244 587 280 per
606 232 753 267 dorsum
772 243 983 277 excurrant,
1006 243 1040 267 et
1067 238 1095 267 si
1120 241 1330 267 constantes
1355 232 1421 268 hac
1437 239 1508 270 sint
1527 248 1611 271 cum
1633 237 1717 272 reli-

118 296 197 337 quis
213 290 502 333 characteribus,
522 289 822 336 qzmdrilineczca
846 295 968 323 vocari
989 295 1110 337 possit.

189 397 273 432 Alia
292 397 463 432 Lacerta
484 397 606 442 agilis
622 400 753 443 grisea
765 426 776 439 ,
795 402 833 431 in
852 397 1038 444 polygone
1053 410 1168 445 prope
1182 396 1310 431 urbem
1330 406 1435 445 capta
1450 397 1517 432 Ao.
1531 400 1571 433 V.
1595 401 1717 449 (¹797-

117 452 150 487 d.
168 452 201 488 (i.
224 454 333 499 Maji)
357 454 494 488 diversa
514 468 532 488 a
555 454 806 501 praecedente.

192 511 340 556 Capitis
359 523 510 558 squama
530 516 641 558 apicis
661 524 742 545 una.
769 511 866 544 Tum
891 510 984 545 duae
1007 509 1262 557 triangulares,
1285 510 1332 545 ad
1351 523 1502 558 quarum
1527 510 1629 546 basin
1657 525 1719 547 ex-

116 573 250 602 teriora
270 577 497 615 spectantem
518 579 632 601 nares
659 569 790 602 Postea
808 580 959 615 squama
984 566 1270 611 rhomboidalis,
1292 573 1384 601 inter
1402 580 1511 615 quam
1535 578 1571 603 et
1589 576 1721 616 margi-

116 623 219 658 nales
248 623 335 658 labii
361 629 553 671 superioris
582 634 653 659 tres
677 631 837 659 minores
856 637 1039 672 squamae.
1068 624 1166 657 Tum
1188 629 1294 658 series
1313 636 1547 671 squamarum
1567 636 1723 672 quatuor

116 686 345 715 transversim
366 686 575 728 positarum.
602 683 685 716 Jam
705 695 777 716 una
798 680 993 729 hexagona
1014 680 1197 727 oblonga,
1223 680 1269 714 ad
1293 682 1393 726 eujus
1415 690 1608 729 utrumque
1629 681 1722 717 latus

116 741 210 770 inter
229 736 330 771 illam
356 747 391 772 et
417 737 568 772 oculum
588 737 658 772 alia
673 766 681 782 ‚
706 737 933 785 triangularis
947 766 955 782 ,
977 743 1080 785 apice
1098 748 1306 772 antrorsum
1328 748 1525 785 spectante.
1553 739 1639 773 Post
1658 737 1724 773 he-

115 805 300 839 xagonam
320 793 414 828 duae
433 794 787 842 quinquangulares,
818 794 865 829 ad
886 807 1040 842 quarum
1067 794 1161 829 latus
1180 800 1336 829 exterius
1361 795 1453 829 duae
1473 794 1584 839 aliae,
1611 795 1725 831 altera

115 851 234 895 major
262 850 508 898 trapezoi'des,
537 851 651 886 altera
680 857 859 899 posterior
879 857 1000 886 minor
1020 857 1115 899 apici
1135 864 1308 899 squamae
1323 851 1647 899 quinquangularis
1667 864 1724 886 re—

115 906 311 954 spondens.
341 909 435 942 [nter
453 907 516 942 has
531 908 620 942 duas
636 919 861 956 pentagonas
880 914 1089 944 incurvatur
1108 908 1179 942 alia
1199 918 1408 955 pentagona
1431 907 1613 954 oblonga,
1642 919 1726 956 post

117 975 228 1010 quam
252 963 381 998 ultima
402 970 560 1011 trapezia
580 974 615 999 et
630 970 772 1009 minor3
790 965 837 999 ad
857 977 982 999 earum
1002 965 1096 999 latus
1117 965 1210 998 duae
1235 964 1405 997 omnibus
1423 965 1578 1008 majores
1599 975 1727 999 ovato-

115 1018 421 1065 subhexagonae,
445 1019 493 1053 ad
509 1031 663 1066 quarum
677 1026 879 1067 marginem
901 1020 994 1054 duae
1009 1019 1294 1067 subquadratae‚
1319 1029 1355 1053 et
1374 1018 1523 1066 parvula
1547 1025 1639 1054 inter
1663 1020 1727 1055 ha-

116 1087 197 1109 rum
216 1080 439 1110 anteriorem
460 1084 496 1108 et
514 1075 675 1108 oculum.
702 1078 801 1108 Inter
820 1076 971 1108 oculum
990 1086 1025 1108 et
1044 1087 1170 1108 aurem
1184 1086 1357 1121 squamae
1373 1080 1516 1108 circiter
1529 1075 1728 1112 duodecim

115 1137 233 1168 variae
250 1129 530 1177 magnitudinis,
550 1130 670 1164 media
689 1131 826 1176 majore
841 1129 1078 1164 subrotunda.
1101 1129 1324 1177 Mai-ginales
1337 1129 1423 1164 labii
1437 1137 1639 1177 superiores
1654 1145 1725 1168 sex.

189 1187 335 1222 Szcbcas
354 1199 505 1234 squama
525 1199 597 1222 una
617 1192 654 1221 in
675 1192 779 1235 apice
799 1185 971 1221 maxillae
996 1185 1183 1220 inferioris,
1211 1187 1308 1220 Tum
1329 1186 1547 1233 marginales
1569 1200 1632 1222 sex
1659 1202 1724 1224 an-

117 1250 295 1294 gustiores
320 1243 584 1291 superioribus,
611 1243 751 1278 duabus
778 1249 970 1291 postremis
997 1248 1124 1278 ceteris
1151 1242 1442 1290 angustioribus,
1471 1253 1506 1278 et
1530 1244 1727 1291 parallelo-

118 1306 309 1350 grammis,
334 1312 447 1347 quum
467 1310 625 1348 quatuor
643 1305 844 1335 anteriores
864 1306 937 1334 sint
959 1310 1212 1348 pentagonae,
1238 1300 1312 1334 basi
1332 1299 1405 1334 lata
1424 1306 1608 1348 superiora
1623 1315 1727 1350 spec-

118 1369 231 1394 tante.
270 1358 368 1391 Tum
397 1356 482 1403 gula
510 1367 546 1391 et
575 1357 743 1404 jugulum
769 1362 929 1403 squamis
961 1361 1209 1391 minutissimis
1238 1355 1354 1389 obsita
1383 1361 1556 1389 serierum
1585 1363 1727 1393 circiter

117 1414 331 1464 quindecim
346 1441 354 1457 ,
375 1422 502 1447 octava
517 1418 608 1447 serie
628 1425 674 1446 ex
692 1418 852 1459 squamis
874 1412 985 1459 paulo
1007 1410 1209 1444 minoribus
1235 1410 1371 1445 lineam
1392 1417 1639 1458 angustiorem
1653 1414 1726 1450 sor-

117 1481 253 1507 mante.
279 1469 421 1506 Ultima
436 1475 545 1503 series
564 1474 723 1516 squamis
741 1478 883 1515 septem
902 1467 1101 1513 majoribus
1114 1495 1123 1511 ,
1148 1466 1267 1501 media
1284 1469 1420 1513 majore
1440 1468 1703 1517 subhexagona
1716 1500 1725 1518 ,

120 1526 260 1562 duabus
281 1537 375 1573 quae
397 1530 570 1572 utrinque
596 1524 642 1559 ad
666 1523 762 1559 hanc
782 1524 940 1559 mediam
965 1523 1157 1567 locantur,
1185 1534 1322 1571 puncto
1342 1530 1457 1572 nigro,
1485 1527 1567 1559 ,Iam
1589 1528 1726 1564 collare

119 1583 222 1632 quod
236 1591 387 1616 extenso
401 1580 501 1615 collo
514 1593 558 1615 ex
569 1590 654 1616 octo
669 1586 810 1615 circiter
818 1580 976 1615 seriebus
988 1579 1225 1628 granulorum
1236 1587 1562 1617 minutissimorum
1575 1595 1727 1622 constat.

192 1639 375 1687 Squamae
399 1637 574 1672 dot-sales
601 1637 814 1685 granulatae
834 1643 1097 1672 minutissimae
1117 1650 1135 1671 a
1157 1637 1354 1683 majoribus
1381 1643 1508 1686 capitis
1532 1639 1628 1675 linea
1656 1643 1727 1678 dis-

119 1701 334 1734 tinctissima
361 1704 557 1742 separatae.
592 1694 708 1729 Series
730 1707 964 1742 squamarum
986 1693 1185 1728 dorsalium
1212 1694 1484 1741 granulatarum
1503 1708 1617 1744 usque
1639 1699 1727 1735 dum

119 1761 158 1789 in
177 1751 376 1788 verticillos
399 1751 534 1786 abeant
558 1757 759 1798 nonaginta
785 1761 876 1796 tres,
903 1751 1037 1798 (quum
1058 1757 1095 1784 in
1120 1749 1234 1785 altera
1265 1756 1337 1785 sint
1366 1761 1514 1786 centum
1549 1756 1724 1803 triginta.)

123 1809 285 1846 Calidae
300 1807 467 1843 verticilli
486 1813 673 1855 sexaginta
694 1807 767 1842 duo
786 1808 918 1855 (quum
941 1813 977 1842 in
995 1807 1109 1843 altera
1129 1813 1354 1855 septuaginta
1377 1808 1471 1855 duo)
1487 1837 1494 1851 ,
1514 1817 1672 1857 squamis
1688 1823 1727 1848 ut·

120 1874 159 1903 in
178 1873 244 1902 ista
261 1870 388 1912 viginti
408 1875 565 1912 quatuor
584 1870 623 1899 in
641 1863 843 1912 prioribus,
867 1874 903 1899 et
921 1870 1057 1898 sensim
1077 1876 1230 1897 numero
1254 1864 1558 1901 decrescentibus.

193 1922 340 1958 Sitheus
358 1931 442 1969 post
462 1921 600 1956 collare
615 1927 774 1969 primum
793 1933 966 1969 squamae
989 1931 1212 1956 transversae
1236 1933 1368 1956 novem
1383 1950 1391 1965 ,
1421 1934 1547 1969 postea
1574 1934 1723 1972 septem,

120 1983 231 2017 Nunc
251 1990 424 2026 squamae
444 1991 509 2026 per
529 1989 772 2013 transversum
792 1978 979 2013 abdomen
1004 1990 1086 2022 SOX,
1111 1976 1270 2012 seriebus
1294 1991 1359 2025 per
1382 1977 1651 2025 longitudinem
1674 1987 1724 2015 vi-

123 2042 212 2085 ginti
236 2045 321 2070 octo
345 2034 437 2082 (fere
464 2045 505 2070 ut
527 2040 564 2069 in
587 2034 697 2070 altera
712 2063 720 2079 ,
748 2034 810 2069 ubi
837 2040 964 2082 viginti
985 2044 1124 2082 septem
1154 2034 1382 2080 numeravi),
1408 2047 1559 2082 quarum
1584 2037 1725 2072 mediae

123 2097 323 2140 trapeziae,
341 2103 439 2139 pone
458 2102 691 2139 angustatae,
714 2104 757 2126 eo
779 2091 925 2126 latiores
950 2103 1023 2139 quo
1047 2090 1139 2125 fiunt
1155 2097 1392 2139 posteriores,
1413 2091 1467 2126 his
1487 2105 1505 2126 a
1528 2092 1639 2126 latere
1662 2107 1725 2129 ae-

123 2148 298 2185 cumbens
327 2154 434 2183 series
460 2155 619 2197 squamis
645 2153 873 2185 transversim
900 2146 1227 2183 rhomboidalibus.
1254 2150 1400 2183 Extima
1433 2153 1537 2181 series
1567 2156 1725 2196 squamis

123 2205 198 2241 fere
217 2204 408 2240 rhombets.
434 2207 476 2240 In
496 2205 550 2241 his
565 2211 723 2254 squamis
737 2214 917 2254 punctum
929 2209 1095 2251 nigrum,
1110 2217 1224 2239 unum
1239 2205 1296 2240 vel
1310 2215 1346 2240 et
1361 2203 1519 2251 duplex,
1538 2214 1600 2240 aut
1614 2212 1725 2242 etiam

1412 2263 1426 2295 1
1444 2266 1454 2294 i
