<?xml version="1.0" encoding="UTF-8"?>
<!DOCTYPE html PUBLIC "-//W3C//DTD XHTML 1.0 Transitional//EN"
    "http://www.w3.org/TR/xhtml1/DTD/xhtml1-transitional.dtd">
<html xmlns="http://www.w3.org/1999/xhtml" xml:lang="en" lang="en">
 <head>
  <title>
</title>
<meta http-equiv="Content-Type" content="text/html;charset=utf-8" />
  <meta name='ocr-system' content='tesseract 3.04.00' />
  <meta name='ocr-capabilities' content='ocr_page ocr_carea ocr_par ocr_line ocrx_word'/>
</head>
<body>
  <div class='ocr_page' id='page_1' title='image "./observationeszoo00herm_0143.png"; bbox 0 0 2054 2748; ppageno 0'>
   <div class='ocr_carea' id='block_1_1' title="bbox 831 105 1753 161">
    <p class='ocr_par' dir='ltr' id='par_1_1' title="bbox 831 105 1753 161">
     <span class='ocr_line' id='line_1_1' title="bbox 831 105 1753 161; baseline 0.002 -16"><span class='ocrx_word' id='word_1_1' title='bbox 831 114 1047 146; x_wconf 64' lang='lat' dir='ltr'>Aves</span> <span class='ocrx_word' id='word_1_2' title='bbox 1673 105 1753 161; x_wconf 55' lang='lat' dir='ltr'>im</span> 
     </span>
    </p>
   </div>
   <div class='ocr_carea' id='block_1_2' title="bbox 141 199 1756 309">
    <p class='ocr_par' dir='ltr' id='par_1_2' title="bbox 141 199 1756 309">
     <span class='ocr_line' id='line_1_2' title="bbox 141 199 1756 251; baseline -0.003 -10"><span class='ocrx_word' id='word_1_3' title='bbox 141 206 278 251; x_wconf 79' lang='lat' dir='ltr'>flavae,</span> <span class='ocrx_word' id='word_1_4' title='bbox 305 208 517 240; x_wconf 87' lang='lat' dir='ltr'>intermixto</span> <span class='ocrx_word' id='word_1_5' title='bbox 536 201 583 237; x_wconf 90' lang='lat' dir='ltr'>ad</span> <span class='ocrx_word' id='word_1_6' title='bbox 604 201 706 236; x_wconf 80' lang='lat' dir='ltr'>basin</span> <span class='ocrx_word' id='word_1_7' title='bbox 725 199 869 236; x_wconf 78' lang='lat' dir='ltr'><strong>rubore.</strong></span> <span class='ocrx_word' id='word_1_8' title='bbox 896 200 1082 235; x_wconf 74' lang='lat' dir='ltr'>Piectrices</span> <span class='ocrx_word' id='word_1_9' title='bbox 1098 199 1250 247; x_wconf 83' lang='lat' dir='ltr'>virides,</span> <span class='ocrx_word' id='word_1_10' title='bbox 1270 203 1389 237; x_wconf 87' lang='lat' dir='ltr'>virore</span> <span class='ocrx_word' id='word_1_11' title='bbox 1410 199 1458 235; x_wconf 89' lang='lat' dir='ltr'>ad</span> <span class='ocrx_word' id='word_1_12' title='bbox 1476 207 1618 248; x_wconf 79' lang='lat' dir='ltr'>apicem</span> <span class='ocrx_word' id='word_1_13' title='bbox 1638 206 1676 237; x_wconf 89' lang='lat' dir='ltr'>in</span> <span class='ocrx_word' id='word_1_14' title='bbox 1692 200 1756 236; x_wconf 84' lang='lat' dir='ltr'>fla·</span> 
     </span>
     <span class='ocr_line' id='line_1_3' title="bbox 142 256 911 309; baseline -0.009 -11"><span class='ocrx_word' id='word_1_15' title='bbox 142 275 229 298; x_wconf 85' lang='lat' dir='ltr'>vum</span> <span class='ocrx_word' id='word_1_16' title='bbox 246 271 426 309; x_wconf 81' lang='lat' dir='ltr'>vergente.</span> <span class='ocrx_word' id='word_1_17' title='bbox 454 261 569 295; x_wconf 85' lang='lat' dir='ltr'>Frons</span> <span class='ocrx_word' id='word_1_18' title='bbox 599 265 708 294; x_wconf 85' lang='lat' dir='ltr'>etiam</span> <span class='ocrx_word' id='word_1_19' title='bbox 729 256 911 293; x_wconf 88' lang='lat' dir='ltr'>coerulea.</span> 
     </span>
    </p>
   </div>
   <div class='ocr_carea' id='block_1_3' title="bbox 143 342 1756 452">
    <p class='ocr_par' dir='ltr' id='par_1_3' title="bbox 143 342 1756 452">
     <span class='ocr_line' id='line_1_4' title="bbox 215 342 1756 394; baseline -0.003 -12"><span class='ocrx_word' id='word_1_20' title='bbox 215 349 304 382; x_wconf 88' lang='lat' dir='ltr'>Non</span> <span class='ocrx_word' id='word_1_21' title='bbox 332 345 454 381; x_wconf 85' lang='lat' dir='ltr'>solum</span> <span class='ocrx_word' id='word_1_22' title='bbox 485 351 726 394; x_wconf 84' lang='lat' dir='ltr'>psittacorum</span> <span class='ocrx_word' id='word_1_23' title='bbox 757 354 902 392; x_wconf 84' lang='lat' dir='ltr'>pennae</span> <span class='ocrx_word' id='word_1_24' title='bbox 929 352 1013 377; x_wconf 89' lang='lat' dir='ltr'>sunt</span> <span class='ocrx_word' id='word_1_25' title='bbox 1040 343 1257 387; x_wconf 82' lang='lat' dir='ltr'>electricae‚</span> <span class='ocrx_word' id='word_1_26' title='bbox 1287 342 1351 378; x_wconf 84' lang='lat' dir='ltr'>sed</span> <span class='ocrx_word' id='word_1_27' title='bbox 1379 351 1415 378; x_wconf 84' lang='lat' dir='ltr'>et</span> <span class='ocrx_word' id='word_1_28' title='bbox 1444 347 1612 377; x_wconf 86' lang='lat' dir='ltr'>omnium</span> <span class='ocrx_word' id='word_1_29' title='bbox 1635 349 1756 380; x_wconf 86' lang='lat' dir='ltr'>avium</span> 
     </span>
     <span class='ocr_line' id='line_1_5' title="bbox 143 398 1317 452; baseline -0.003 -13"><span class='ocrx_word' id='word_1_30' title='bbox 143 403 337 440; x_wconf 80' lang='lat' dir='ltr'>calefactas</span> <span class='ocrx_word' id='word_1_31' title='bbox 358 403 522 452; x_wconf 79' lang='lat' dir='ltr'>plumas,</span> <span class='ocrx_word' id='word_1_32' title='bbox 550 407 602 437; x_wconf 90' lang='lat' dir='ltr'>uti</span> <span class='ocrx_word' id='word_1_33' title='bbox 623 400 877 436; x_wconf 81' lang='lat' dir='ltr'>mammalium</span> <span class='ocrx_word' id='word_1_34' title='bbox 897 398 994 447; x_wconf 87' lang='lat' dir='ltr'>pilos</span> <span class='ocrx_word' id='word_1_35' title='bbox 1012 399 1205 435; x_wconf 85' lang='lat' dir='ltr'>electricos</span> <span class='ocrx_word' id='word_1_36' title='bbox 1233 400 1317 436; x_wconf 89' lang='lat' dir='ltr'>vidi.</span> 
     </span>
    </p>
   </div>
   <div class='ocr_carea' id='block_1_4' title="bbox 768 465 934 469">
    <p class='ocr_par' dir='ltr' id='par_1_4' title="bbox 768 465 934 469">
     <span class='ocr_line' id='line_1_6' title="bbox 768 465 934 469; baseline 0 0"><span class='ocrx_word' id='word_1_37' title='bbox 768 465 934 469; x_wconf 95' lang='lat' dir='ltr'> </span> 
     </span>
    </p>
   </div>
   <div class='ocr_carea' id='block_1_5' title="bbox 937 465 1134 469">
    <p class='ocr_par' dir='ltr' id='par_1_5' title="bbox 937 465 1134 469">
     <span class='ocr_line' id='line_1_7' title="bbox 937 465 1134 469; baseline 0 0"><span class='ocrx_word' id='word_1_38' title='bbox 937 465 1134 469; x_wconf 95' lang='lat' dir='ltr'> </span> 
     </span>
    </p>
   </div>
   <div class='ocr_carea' id='block_1_6' title="bbox 139 486 1763 1164">
    <p class='ocr_par' dir='ltr' id='par_1_6' title="bbox 139 486 1763 1164">
     <span class='ocr_line' id='line_1_8' title="bbox 214 486 1754 537; baseline -0.001 -13"><span class='ocrx_word' id='word_1_39' title='bbox 214 492 400 525; x_wconf 88' lang='lat' dir='ltr'>Linnaeus</span> <span class='ocrx_word' id='word_1_40' title='bbox 415 489 505 524; x_wconf 92' lang='lat' dir='ltr'>olim</span> <span class='ocrx_word' id='word_1_41' title='bbox 524 494 719 537; x_wconf 82' lang='lat' dir='ltr'>psittacum</span> <span class='ocrx_word' id='word_1_42' title='bbox 737 493 954 536; x_wconf 82' lang='lat' dir='ltr'><strong>accipitrum</strong></span> <span class='ocrx_word' id='word_1_43' title='bbox 967 486 1129 522; x_wconf 87' lang='lat' dir='ltr'>familiae</span> <span class='ocrx_word' id='word_1_44' title='bbox 1142 487 1192 522; x_wconf 90' lang='lat' dir='ltr'>ob</span> <span class='ocrx_word' id='word_1_45' title='bbox 1203 493 1395 523; x_wconf 89' lang='lat' dir='ltr'>incurvum</span> <span class='ocrx_word' id='word_1_46' title='bbox 1409 497 1566 523; x_wconf 85' lang='lat' dir='ltr'>rostrum</span> <span class='ocrx_word' id='word_1_47' title='bbox 1577 500 1586 534; x_wconf 90' lang='lat' dir='ltr'>J</span> <span class='ocrx_word' id='word_1_48' title='bbox 1593 496 1754 522; x_wconf 61' lang='lat' dir='ltr'>unxerat-</span> 
     </span>
     <span class='ocr_line' id='line_1_9' title="bbox 141 544 1758 596; baseline -0.003 -14"><span class='ocrx_word' id='word_1_49' title='bbox 141 546 212 582; x_wconf 89' lang='lat' dir='ltr'>Sec</span> <span class='ocrx_word' id='word_1_50' title='bbox 232 559 302 582; x_wconf 88' lang='lat' dir='ltr'>nec</span> <span class='ocrx_word' id='word_1_51' title='bbox 322 560 434 596; x_wconf 81' lang='lat' dir='ltr'>rapax</span> <span class='ocrx_word' id='word_1_52' title='bbox 453 550 685 581; x_wconf 80' lang='lat' dir='ltr'>carnivorum</span> <span class='ocrx_word' id='word_1_53' title='bbox 704 550 895 593; x_wconf 86' lang='lat' dir='ltr'>ingenium</span> <span class='ocrx_word' id='word_1_54' title='bbox 911 545 1082 580; x_wconf 86' lang='lat' dir='ltr'>omnibus</span> <span class='ocrx_word' id='word_1_55' title='bbox 1106 544 1219 580; x_wconf 89' lang='lat' dir='ltr'>abest.</span> <span class='ocrx_word' id='word_1_56' title='bbox 1256 545 1340 579; x_wconf 85' lang='lat' dir='ltr'>Vidi</span> <span class='ocrx_word' id='word_1_57' title='bbox 1366 545 1436 580; x_wconf 88' lang='lat' dir='ltr'>Ao.</span> <span class='ocrx_word' id='word_1_58' title='bbox 1466 544 1564 592; x_wconf 75' lang='lat'>1796.</span> <span class='ocrx_word' id='word_1_59' title='bbox 1584 549 1758 593; x_wconf 57' lang='lat' dir='ltr'>psittacu«</span> 
     </span>
     <span class='ocr_line' id='line_1_10' title="bbox 142 600 1760 651; baseline -0.003 -12"><span class='ocrx_word' id='word_1_60' title='bbox 142 603 217 639; x_wconf 87' lang='lat' dir='ltr'>lam</span> <span class='ocrx_word' id='word_1_61' title='bbox 234 604 426 640; x_wconf 81' lang='lat' dir='ltr'><strong>caudatam</strong></span> <span class='ocrx_word' id='word_1_62' title='bbox 442 631 450 649; x_wconf 82' lang='grc'>,</span> <span class='ocrx_word' id='word_1_63' title='bbox 476 612 611 637; x_wconf 86' lang='lat' dir='ltr'>statura</span> <span class='ocrx_word' id='word_1_64' title='bbox 631 608 777 651; x_wconf 80' lang='lat' dir='ltr'>psittaci</span> <span class='ocrx_word' id='word_1_65' title='bbox 795 601 1007 648; x_wconf 80' lang='lat' dir='ltr'>alexandri,</span> <span class='ocrx_word' id='word_1_66' title='bbox 1036 601 1099 637; x_wconf 89' lang='lat' dir='ltr'>sed</span> <span class='ocrx_word' id='word_1_67' title='bbox 1113 601 1252 650; x_wconf 80' lang='lat' dir='ltr'>absque</span> <span class='ocrx_word' id='word_1_68' title='bbox 1271 600 1350 636; x_wconf 91' lang='lat' dir='ltr'>ullo</span> <span class='ocrx_word' id='word_1_69' title='bbox 1370 611 1502 650; x_wconf 86' lang='lat' dir='ltr'>torque</span> <span class='ocrx_word' id='word_1_70' title='bbox 1520 629 1528 646; x_wconf 85' lang='lat'><strong>‚</strong></span> <span class='ocrx_word' id='word_1_71' title='bbox 1554 611 1590 636; x_wconf 90' lang='lat' dir='ltr'>et</span> <span class='ocrx_word' id='word_1_72' title='bbox 1607 600 1760 637; x_wconf 81' lang='lat' dir='ltr'>viridem</span> 
     </span>
     <span class='ocr_line' id='line_1_11' title="bbox 141 658 1759 709; baseline -0.002 -13"><span class='ocrx_word' id='word_1_73' title='bbox 141 670 281 705; x_wconf 84' lang='lat' dir='ltr'>totam,</span> <span class='ocrx_word' id='word_1_74' title='bbox 313 669 430 695; x_wconf 86' lang='lat' dir='ltr'>rostro</span> <span class='ocrx_word' id='word_1_75' title='bbox 460 659 690 708; x_wconf 86' lang='lat' dir='ltr'>pedibusque</span> <span class='ocrx_word' id='word_1_76' title='bbox 715 665 890 706; x_wconf 87' lang='lat' dir='ltr'>cinereis‚</span> <span class='ocrx_word' id='word_1_77' title='bbox 920 661 1180 709; x_wconf 73' lang='lat' dir='ltr'>pei-juvenem,</span> <span class='ocrx_word' id='word_1_78' title='bbox 1210 665 1263 694; x_wconf 90' lang='lat' dir='ltr'>uti</span> <span class='ocrx_word' id='word_1_79' title='bbox 1291 658 1484 704; x_wconf 85' lang='lat' dir='ltr'>dixerunt,</span> <span class='ocrx_word' id='word_1_80' title='bbox 1511 671 1623 706; x_wconf 88' lang='lat' dir='ltr'>quam</span> <span class='ocrx_word' id='word_1_81' title='bbox 1650 670 1759 694; x_wconf 83' lang='lat' dir='ltr'>cavea</span> 
     </span>
     <span class='ocr_line' id='line_1_12' title="bbox 142 715 1760 766; baseline -0.001 -15"><span class='ocrx_word' id='word_1_82' title='bbox 142 723 320 752; x_wconf 80' lang='lat' dir='ltr'>continuo</span> <span class='ocrx_word' id='word_1_83' title='bbox 340 716 564 752; x_wconf 83' lang='lat' dir='ltr'>concludere</span> <span class='ocrx_word' id='word_1_84' title='bbox 584 722 767 766; x_wconf 86' lang='lat' dir='ltr'>oportuit,</span> <span class='ocrx_word' id='word_1_85' title='bbox 795 723 973 766; x_wconf 87' lang='lat' dir='ltr'>quoniam</span> <span class='ocrx_word' id='word_1_86' title='bbox 994 717 1105 753; x_wconf 87' lang='lat' dir='ltr'>aliam</span> <span class='ocrx_word' id='word_1_87' title='bbox 1117 729 1268 752; x_wconf 86' lang='lat' dir='ltr'>caveam</span> <span class='ocrx_word' id='word_1_88' title='bbox 1289 715 1465 765; x_wconf 89' lang='lat' dir='ltr'>operculo</span> <span class='ocrx_word' id='word_1_89' title='bbox 1480 715 1603 763; x_wconf 80' lang='lat' dir='ltr'>ligneo</span> <span class='ocrx_word' id='word_1_90' title='bbox 1624 725 1760 750; x_wconf 86' lang='lat' dir='ltr'>tectam</span> 
     </span>
     <span class='ocr_line' id='line_1_13' title="bbox 142 773 1759 823; baseline -0.001 -15"><span class='ocrx_word' id='word_1_91' title='bbox 142 780 322 809; x_wconf 86' lang='lat' dir='ltr'>continuo</span> <span class='ocrx_word' id='word_1_92' title='bbox 347 773 564 819; x_wconf 83' lang='lat' dir='ltr'>arrodebat‚</span> <span class='ocrx_word' id='word_1_93' title='bbox 591 785 627 810; x_wconf 88' lang='lat' dir='ltr'>et</span> <span class='ocrx_word' id='word_1_94' title='bbox 647 774 803 809; x_wconf 85' lang='lat' dir='ltr'>inclusas</span> <span class='ocrx_word' id='word_1_95' title='bbox 818 774 977 811; x_wconf 85' lang='lat' dir='ltr'>aviculas</span> <span class='ocrx_word' id='word_1_96' title='bbox 998 774 1226 823; x_wconf 77' lang='lat' dir='ltr'>prehendere</span> <span class='ocrx_word' id='word_1_97' title='bbox 1245 773 1458 809; x_wconf 78' lang='lat' dir='ltr'>conabatur.</span> <span class='ocrx_word' id='word_1_98' title='bbox 1486 773 1759 807; x_wconf 74' lang='lat' dir='ltr'>Asseveratum-</span> 
     </span>
     <span class='ocr_line' id='line_1_14' title="bbox 140 829 1760 881; baseline -0.002 -15"><span class='ocrx_word' id='word_1_99' title='bbox 140 843 213 880; x_wconf 87' lang='lat' dir='ltr'>que</span> <span class='ocrx_word' id='word_1_100' title='bbox 234 830 328 865; x_wconf 84' lang='lat' dir='ltr'>milii</span> <span class='ocrx_word' id='word_1_101' title='bbox 350 841 424 876; x_wconf 83' lang='lat' dir='ltr'>est,</span> <span class='ocrx_word' id='word_1_102' title='bbox 451 831 653 879; x_wconf 88' lang='lat' dir='ltr'>aliquando</span> <span class='ocrx_word' id='word_1_103' title='bbox 673 831 855 867; x_wconf 85' lang='lat' dir='ltr'>aviculam</span> <span class='ocrx_word' id='word_1_104' title='bbox 879 831 925 867; x_wconf 89' lang='lat' dir='ltr'>ab</span> <span class='ocrx_word' id='word_1_105' title='bbox 950 831 1017 867; x_wconf 92' lang='lat' dir='ltr'>illo</span> <span class='ocrx_word' id='word_1_106' title='bbox 1043 831 1349 881; x_wconf 84' lang='lat' dir='ltr'>comprehensam</span> <span class='ocrx_word' id='word_1_107' title='bbox 1373 829 1638 877; x_wconf 81' lang='lat' dir='ltr'>cerebrumque</span> <span class='ocrx_word' id='word_1_108' title='bbox 1667 829 1760 864; x_wconf 85' lang='lat' dir='ltr'>abli-</span> 
     </span>
     <span class='ocr_line' id='line_1_15' title="bbox 141 886 1763 936; baseline -0.002 -14"><span class='ocrx_word' id='word_1_109' title='bbox 141 894 301 935; x_wconf 82' lang='lat' dir='ltr'>guritum</span> <span class='ocrx_word' id='word_1_110' title='bbox 321 900 407 924; x_wconf 86' lang='lat' dir='ltr'>esse.</span> <span class='ocrx_word' id='word_1_111' title='bbox 436 889 519 934; x_wconf 86' lang='lat' dir='ltr'>Qua</span> <span class='ocrx_word' id='word_1_112' title='bbox 540 893 577 923; x_wconf 87' lang='lat' dir='ltr'>in</span> <span class='ocrx_word' id='word_1_113' title='bbox 598 900 637 923; x_wconf 88' lang='lat' dir='ltr'>re</span> <span class='ocrx_word' id='word_1_114' title='bbox 656 889 813 936; x_wconf 87' lang='lat' dir='ltr'>proinde</span> <span class='ocrx_word' id='word_1_115' title='bbox 834 901 918 924; x_wconf 90' lang='lat' dir='ltr'>cum</span> <span class='ocrx_word' id='word_1_116' title='bbox 940 889 1046 924; x_wconf 87' lang='lat' dir='ltr'>laniis</span> <span class='ocrx_word' id='word_1_117' title='bbox 1068 895 1251 924; x_wconf 86' lang='lat' dir='ltr'>convenit.</span> <span class='ocrx_word' id='word_1_118' title='bbox 1279 887 1410 923; x_wconf 90' lang='lat' dir='ltr'>Obtuli</span> <span class='ocrx_word' id='word_1_119' title='bbox 1429 896 1557 935; x_wconf 88' lang='lat' dir='ltr'>postea</span> <span class='ocrx_word' id='word_1_120' title='bbox 1581 886 1763 920; x_wconf 84' lang='lat' dir='ltr'>aviculam</span> 
     </span>
     <span class='ocr_line' id='line_1_16' title="bbox 140 942 1761 992; baseline -0.001 -15"><span class='ocrx_word' id='word_1_121' title='bbox 140 954 349 989; x_wconf 83' lang='lat' dir='ltr'>mortuam,</span> <span class='ocrx_word' id='word_1_122' title='bbox 377 957 488 992; x_wconf 87' lang='lat' dir='ltr'>quam</span> <span class='ocrx_word' id='word_1_123' title='bbox 500 957 578 978; x_wconf 87' lang='lat' dir='ltr'>non</span> <span class='ocrx_word' id='word_1_124' title='bbox 598 951 726 992; x_wconf 80' lang='lat' dir='ltr'>tetigit.</span> <span class='ocrx_word' id='word_1_125' title='bbox 755 946 857 980; x_wconf 86' lang='lat' dir='ltr'>Dedi</span> <span class='ocrx_word' id='word_1_126' title='bbox 873 945 1074 992; x_wconf 76' lang='lat' dir='ltr'>fringillam</span> <span class='ocrx_word' id='word_1_127' title='bbox 1090 946 1274 981; x_wconf 86' lang='lat' dir='ltr'>coelibem</span> <span class='ocrx_word' id='word_1_128' title='bbox 1288 973 1297 989; x_wconf 85' lang='lat'>‚</span> <span class='ocrx_word' id='word_1_129' title='bbox 1324 956 1418 992; x_wconf 86' lang='lat' dir='ltr'>quae</span> <span class='ocrx_word' id='word_1_130' title='bbox 1437 943 1565 978; x_wconf 89' lang='lat' dir='ltr'>timida</span> <span class='ocrx_word' id='word_1_131' title='bbox 1584 942 1761 978; x_wconf 78' lang='lat' dir='ltr'>volitavit.</span> 
     </span>
     <span class='ocr_line' id='line_1_17' title="bbox 139 1001 1763 1050; baseline 0 -16"><span class='ocrx_word' id='word_1_132' title='bbox 139 1001 317 1035; x_wconf 84' lang='lat' dir='ltr'>Psittacus</span> <span class='ocrx_word' id='word_1_133' title='bbox 339 1013 418 1035; x_wconf 87' lang='lat' dir='ltr'>non</span> <span class='ocrx_word' id='word_1_134' title='bbox 440 1001 573 1049; x_wconf 88' lang='lat' dir='ltr'>cupide</span> <span class='ocrx_word' id='word_1_135' title='bbox 596 1006 793 1036; x_wconf 81' lang='lat' dir='ltr'>insectatus</span> <span class='ocrx_word' id='word_1_136' title='bbox 813 1012 866 1037; x_wconf 89' lang='lat' dir='ltr'>est</span> <span class='ocrx_word' id='word_1_137' title='bbox 884 1030 892 1047; x_wconf 84' lang='lat'>‚</span> <span class='ocrx_word' id='word_1_138' title='bbox 919 1002 983 1037; x_wconf 85' lang='lat' dir='ltr'>sed</span> <span class='ocrx_word' id='word_1_139' title='bbox 998 1001 1099 1036; x_wconf 89' lang='lat' dir='ltr'>lente</span> <span class='ocrx_word' id='word_1_140' title='bbox 1119 1011 1154 1036; x_wconf 88' lang='lat' dir='ltr'>et</span> <span class='ocrx_word' id='word_1_141' title='bbox 1173 1007 1275 1050; x_wconf 82' lang='lat' dir='ltr'>quasi</span> <span class='ocrx_word' id='word_1_142' title='bbox 1296 1013 1361 1050; x_wconf 87' lang='lat' dir='ltr'>per</span> <span class='ocrx_word' id='word_1_143' title='bbox 1377 1006 1493 1035; x_wconf 86' lang='lat' dir='ltr'>otium</span> <span class='ocrx_word' id='word_1_144' title='bbox 1516 1009 1626 1048; x_wconf 86' lang='lat' dir='ltr'>caput</span> <span class='ocrx_word' id='word_1_145' title='bbox 1641 1010 1763 1034; x_wconf 80' lang='lat' dir='ltr'>versus</span> 
     </span>
     <span class='ocr_line' id='line_1_18' title="bbox 139 1055 1762 1107; baseline -0.001 -17"><span class='ocrx_word' id='word_1_146' title='bbox 139 1055 243 1090; x_wconf 87' lang='lat' dir='ltr'>illam</span> <span class='ocrx_word' id='word_1_147' title='bbox 271 1057 460 1102; x_wconf 85' lang='lat' dir='ltr'>extendit,</span> <span class='ocrx_word' id='word_1_148' title='bbox 487 1067 523 1092; x_wconf 90' lang='lat' dir='ltr'>et</span> <span class='ocrx_word' id='word_1_149' title='bbox 548 1068 753 1093; x_wconf 78' lang='lat' dir='ltr'>extremam</span> <span class='ocrx_word' id='word_1_150' title='bbox 772 1058 870 1094; x_wconf 77' lang='lat' dir='ltr'>alam</span> <span class='ocrx_word' id='word_1_151' title='bbox 892 1058 1096 1107; x_wconf 85' lang='lat' dir='ltr'>prehendit.</span> <span class='ocrx_word' id='word_1_152' title='bbox 1122 1060 1268 1094; x_wconf 87' lang='lat' dir='ltr'>Pennas</span> <span class='ocrx_word' id='word_1_153' title='bbox 1298 1064 1420 1107; x_wconf 82' lang='lat' dir='ltr'>potius</span> <span class='ocrx_word' id='word_1_154' title='bbox 1449 1057 1595 1101; x_wconf 78' lang='lat' dir='ltr'>evellit,</span> <span class='ocrx_word' id='word_1_155' title='bbox 1623 1068 1762 1102; x_wconf 79' lang='lat' dir='ltr'>ungues</span> 
     </span>
     <span class='ocr_line' id='line_1_19' title="bbox 141 1114 1718 1164; baseline 0.001 -16"><span class='ocrx_word' id='word_1_156' title='bbox 141 1119 338 1160; x_wconf 84' lang='lat' dir='ltr'>praerosit‚</span> <span class='ocrx_word' id='word_1_157' title='bbox 359 1124 395 1150; x_wconf 86' lang='lat' dir='ltr'>et</span> <span class='ocrx_word' id='word_1_158' title='bbox 416 1114 463 1149; x_wconf 89' lang='lat' dir='ltr'>ad</span> <span class='ocrx_word' id='word_1_159' title='bbox 477 1114 607 1150; x_wconf 81' lang='lat' dir='ltr'>axillas</span> <span class='ocrx_word' id='word_1_160' title='bbox 627 1115 837 1150; x_wconf 88' lang='lat' dir='ltr'>mordendo</span> <span class='ocrx_word' id='word_1_161' title='bbox 858 1115 1010 1161; x_wconf 76' lang='lat' dir='ltr'>leniter,</span> <span class='ocrx_word' id='word_1_162' title='bbox 1038 1121 1140 1163; x_wconf 85' lang='lat' dir='ltr'>quasi</span> <span class='ocrx_word' id='word_1_163' title='bbox 1159 1121 1376 1164; x_wconf 81' lang='lat' dir='ltr'>sanguinem</span> <span class='ocrx_word' id='word_1_164' title='bbox 1397 1124 1540 1163; x_wconf 78' lang='lat' dir='ltr'>gustare</span> <span class='ocrx_word' id='word_1_165' title='bbox 1560 1119 1632 1152; x_wconf 70' lang='lat' dir='ltr'>visa</span> <span class='ocrx_word' id='word_1_166' title='bbox 1654 1123 1718 1149; x_wconf 85' lang='lat' dir='ltr'>est.</span> 
     </span>
    </p>
   </div>
   <div class='ocr_carea' id='block_1_7' title="bbox 661 1218 1255 1262">
    <p class='ocr_par' dir='ltr' id='par_1_7' title="bbox 661 1218 1255 1262">
     <span class='ocr_line' id='line_1_20' title="bbox 661 1218 1255 1262; baseline -0.005 0"><span class='ocrx_word' id='word_1_167' title='bbox 661 1218 1255 1262; x_wconf 66' lang='lat' dir='ltr'><strong>CROTOPHAGA</strong></span> 
     </span>
    </p>
   </div>
   <div class='ocr_carea' id='block_1_8' title="bbox 139 1313 1761 1533">
    <p class='ocr_par' dir='ltr' id='par_1_8' title="bbox 139 1313 1761 1533">
     <span class='ocr_line' id='line_1_21' title="bbox 215 1313 1760 1362; baseline -0.001 -13"><span class='ocrx_word' id='word_1_168' title='bbox 215 1316 259 1349; x_wconf 73' lang='lat' dir='ltr'>IN</span> <span class='ocrx_word' id='word_1_169' title='bbox 282 1327 362 1349; x_wconf 82' lang='lat' dir='ltr'>mea</span> <span class='ocrx_word' id='word_1_170' title='bbox 376 1315 529 1349; x_wconf 83' lang='lat' dir='ltr'>maxilla</span> <span class='ocrx_word' id='word_1_171' title='bbox 544 1321 710 1362; x_wconf 89' lang='lat' dir='ltr'>superior</span> <span class='ocrx_word' id='word_1_172' title='bbox 730 1326 874 1350; x_wconf 87' lang='lat' dir='ltr'>tantum</span> <span class='ocrx_word' id='word_1_173' title='bbox 887 1316 1014 1362; x_wconf 74' lang='lat' dir='ltr'>gibba,</span> <span class='ocrx_word' id='word_1_174' title='bbox 1035 1321 1196 1350; x_wconf 83' lang='lat' dir='ltr'>carinata</span> <span class='ocrx_word' id='word_1_175' title='bbox 1213 1315 1340 1359; x_wconf 84' lang='lat' dir='ltr'>dorso,</span> <span class='ocrx_word' id='word_1_176' title='bbox 1361 1324 1398 1349; x_wconf 88' lang='lat' dir='ltr'>et</span> <span class='ocrx_word' id='word_1_177' title='bbox 1418 1313 1525 1348; x_wconf 88' lang='lat' dir='ltr'>valde</span> <span class='ocrx_word' id='word_1_178' title='bbox 1542 1324 1760 1361; x_wconf 80' lang='lat' dir='ltr'>compressa,</span> 
     </span>
     <span class='ocr_line' id='line_1_22' title="bbox 141 1369 1761 1418; baseline 0.001 -14"><span class='ocrx_word' id='word_1_179' title='bbox 141 1369 279 1418; x_wconf 85' lang='lat' dir='ltr'>absque</span> <span class='ocrx_word' id='word_1_180' title='bbox 304 1371 388 1404; x_wconf 86' lang='lat' dir='ltr'>ullis</span> <span class='ocrx_word' id='word_1_181' title='bbox 421 1370 572 1417; x_wconf 67' lang='lat' dir='ltr'>angulis</span> <span class='ocrx_word' id='word_1_182' title='bbox 600 1372 717 1404; x_wconf 87' lang='lat' dir='ltr'>Nares</span> <span class='ocrx_word' id='word_1_183' title='bbox 745 1370 852 1404; x_wconf 89' lang='lat' dir='ltr'>nullo</span> <span class='ocrx_word' id='word_1_184' title='bbox 875 1370 988 1404; x_wconf 90' lang='lat' dir='ltr'>modo</span> <span class='ocrx_word' id='word_1_185' title='bbox 1018 1375 1175 1416; x_wconf 78' lang='lat' dir='ltr'>perviae.</span> <span class='ocrx_word' id='word_1_186' title='bbox 1204 1369 1425 1404; x_wconf 86' lang='lat' dir='ltr'>Mandibula</span> <span class='ocrx_word' id='word_1_187' title='bbox 1454 1369 1603 1404; x_wconf 80' lang='lat' dir='ltr'>inferior</span> <span class='ocrx_word' id='word_1_188' title='bbox 1628 1376 1761 1417; x_wconf 73' lang='lat' dir='ltr'>margi-</span> 
     </span>
     <span class='ocr_line' id='line_1_23' title="bbox 139 1424 1759 1472; baseline 0 -11"><span class='ocrx_word' id='word_1_189' title='bbox 139 1426 246 1461; x_wconf 85' lang='lat' dir='ltr'>nibus</span> <span class='ocrx_word' id='word_1_190' title='bbox 266 1426 516 1461; x_wconf 86' lang='lat' dir='ltr'>scindentibus</span> <span class='ocrx_word' id='word_1_191' title='bbox 542 1425 766 1461; x_wconf 84' lang='lat' dir='ltr'>subincurvis</span> <span class='ocrx_word' id='word_1_192' title='bbox 779 1454 787 1470; x_wconf 90' lang='lat'>‚</span> <span class='ocrx_word' id='word_1_193' title='bbox 815 1425 892 1461; x_wconf 88' lang='lat' dir='ltr'>basi</span> <span class='ocrx_word' id='word_1_194' title='bbox 910 1424 1004 1460; x_wconf 86' lang='lat' dir='ltr'>nihil</span> <span class='ocrx_word' id='word_1_195' title='bbox 1025 1424 1124 1472; x_wconf 81' lang='lat' dir='ltr'>gibbi</span> <span class='ocrx_word' id='word_1_196' title='bbox 1147 1424 1280 1471; x_wconf 82' lang='lat' dir='ltr'>habet,</span> <span class='ocrx_word' id='word_1_197' title='bbox 1306 1436 1348 1462; x_wconf 87' lang='lat' dir='ltr'>ut</span> <span class='ocrx_word' id='word_1_198' title='bbox 1369 1431 1408 1462; x_wconf 88' lang='lat' dir='ltr'>in</span> <span class='ocrx_word' id='word_1_199' title='bbox 1429 1431 1538 1461; x_wconf 88' lang='lat' dir='ltr'>icone</span> <span class='ocrx_word' id='word_1_200' title='bbox 1559 1426 1759 1463; x_wconf 71' lang='lat' dir='ltr'>Catesbaei,</span> 
     </span>
     <span class='ocr_line' id='line_1_24' title="bbox 140 1483 1231 1533; baseline 0 -16"><span class='ocrx_word' id='word_1_201' title='bbox 140 1483 312 1519; x_wconf 84' lang='lat' dir='ltr'>Rostrum</span> <span class='ocrx_word' id='word_1_202' title='bbox 327 1496 479 1533; x_wconf 85' lang='lat' dir='ltr'>quoque</span> <span class='ocrx_word' id='word_1_203' title='bbox 500 1489 740 1532; x_wconf 85' lang='lat' dir='ltr'>proportione</span> <span class='ocrx_word' id='word_1_204' title='bbox 762 1483 908 1531; x_wconf 82' lang='lat' dir='ltr'>longius</span> <span class='ocrx_word' id='word_1_205' title='bbox 926 1511 933 1528; x_wconf 80' lang='lat'>‚</span> <span class='ocrx_word' id='word_1_206' title='bbox 961 1487 1132 1531; x_wconf 73' lang='lat' dir='ltr'>quamin</span> <span class='ocrx_word' id='word_1_207' title='bbox 1154 1487 1231 1518; x_wconf 83' lang='lat' dir='ltr'>ista.</span> 
     </span>
    </p>
   </div>
   <div class='ocr_carea' id='block_1_9' title="bbox 619 1585 1292 1632">
    <p class='ocr_par' dir='ltr' id='par_1_9' title="bbox 619 1585 1292 1632">
     <span class='ocr_line' id='line_1_25' title="bbox 619 1585 1292 1632; baseline -0.004 0"><span class='ocrx_word' id='word_1_208' title='bbox 619 1585 1292 1632; x_wconf 71' lang='lat' dir='ltr'><strong>CORVUSCORAX</strong></span> 
     </span>
    </p>
   </div>
   <div class='ocr_carea' id='block_1_10' title="bbox 140 1685 1759 2132">
    <p class='ocr_par' dir='ltr' id='par_1_10' title="bbox 140 1685 1759 2005">
     <span class='ocr_line' id='line_1_26' title="bbox 212 1685 1759 1732; baseline 0.001 -12"><span class='ocrx_word' id='word_1_209' title='bbox 212 1685 315 1720; x_wconf 72' lang='lat' dir='ltr'>Mun</span> <span class='ocrx_word' id='word_1_210' title='bbox 343 1698 441 1720; x_wconf 87' lang='lat' dir='ltr'>nunc</span> <span class='ocrx_word' id='word_1_211' title='bbox 465 1691 513 1720; x_wconf 89' lang='lat' dir='ltr'>ita</span> <span class='ocrx_word' id='word_1_212' title='bbox 543 1685 802 1732; x_wconf 80' lang='lat' dir='ltr'>distinguitur:</span> <span class='ocrx_word' id='word_1_213' title='bbox 827 1686 863 1720; x_wconf 82' lang='lat' dir='ltr'>C.</span> <span class='ocrx_word' id='word_1_214' title='bbox 891 1698 1049 1732; x_wconf 74' lang='lat' dir='ltr'>empore</span> <span class='ocrx_word' id='word_1_215' title='bbox 1072 1686 1338 1728; x_wconf 70' lang='lat' dir='ltr'>acronlcente,</span> <span class='ocrx_word' id='word_1_216' title='bbox 1360 1686 1473 1719; x_wconf 70' lang='lat' dir='ltr'>rostri</span> <span class='ocrx_word' id='word_1_217' title='bbox 1492 1686 1607 1732; x_wconf 78' lang='lat' dir='ltr'>apice</span> <span class='ocrx_word' id='word_1_218' title='bbox 1625 1685 1759 1721; x_wconf 65' lang='lat' dir='ltr'>sabim</span> 
     </span>
     <span class='ocr_line' id='line_1_27' title="bbox 141 1742 1758 1790; baseline 0 -13"><span class='ocrx_word' id='word_1_219' title='bbox 141 1754 292 1784; x_wconf 66' lang='grc' dir='ltr'>ειη-νο,</span> <span class='ocrx_word' id='word_1_220' title='bbox 333 1742 469 1776; x_wconf 78' lang='lat' dir='ltr'>cauda</span> <span class='ocrx_word' id='word_1_221' title='bbox 498 1742 800 1777; x_wconf 68' lang='lat' dir='ltr'>sentit-bornhem.</span> <span class='ocrx_word' id='word_1_222' title='bbox 838 1743 985 1777; x_wconf 73' lang='lat' dir='ltr'>Novam</span> <span class='ocrx_word' id='word_1_223' title='bbox 1012 1747 1123 1776; x_wconf 82' lang='lat' dir='ltr'>etiam</span> <span class='ocrx_word' id='word_1_224' title='bbox 1150 1747 1297 1776; x_wconf 88' lang='lat' dir='ltr'>iconem</span> <span class='ocrx_word' id='word_1_225' title='bbox 1327 1747 1459 1790; x_wconf 83' lang='lat' dir='ltr'>paravi.</span> <span class='ocrx_word' id='word_1_226' title='bbox 1488 1742 1627 1777; x_wconf 87' lang='lat' dir='ltr'>Omnes</span> <span class='ocrx_word' id='word_1_227' title='bbox 1659 1750 1758 1778; x_wconf 80' lang='lat' dir='ltr'>enini</span> 
     </span>
     <span class='ocr_line' id='line_1_28' title="bbox 140 1798 1758 1847; baseline 0.003 -16"><span class='ocrx_word' id='word_1_228' title='bbox 140 1808 321 1846; x_wconf 80' lang='lat' dir='ltr'>peccant3</span> <span class='ocrx_word' id='word_1_229' title='bbox 348 1804 544 1847; x_wconf 82' lang='lat' dir='ltr'>praecipue</span> <span class='ocrx_word' id='word_1_230' title='bbox 566 1798 905 1844; x_wconf 83' lang='lat' dir='ltr'>Daubentoniana,</span> <span class='ocrx_word' id='word_1_231' title='bbox 932 1799 1035 1844; x_wconf 86' lang='lat' dir='ltr'>eujus</span> <span class='ocrx_word' id='word_1_232' title='bbox 1058 1808 1215 1834; x_wconf 89' lang='lat' dir='ltr'>rostrum</span> <span class='ocrx_word' id='word_1_233' title='bbox 1235 1804 1343 1834; x_wconf 88' lang='lat' dir='ltr'>nimis</span> <span class='ocrx_word' id='word_1_234' title='bbox 1363 1809 1415 1834; x_wconf 88' lang='lat' dir='ltr'>est</span> <span class='ocrx_word' id='word_1_235' title='bbox 1437 1799 1592 1847; x_wconf 75' lang='lat' dir='ltr'>gracile,</span> <span class='ocrx_word' id='word_1_236' title='bbox 1620 1801 1758 1836; x_wconf 83' lang='lat' dir='ltr'>caudae</span> 
     </span>
     <span class='ocr_line' id='line_1_29' title="bbox 142 1854 1758 1906; baseline 0.004 -18"><span class='ocrx_word' id='word_1_237' title='bbox 142 1854 259 1889; x_wconf 79' lang='lat' dir='ltr'>forma</span> <span class='ocrx_word' id='word_1_238' title='bbox 287 1854 432 1899; x_wconf 78' lang='lat' dir='ltr'>aliena,</span> <span class='ocrx_word' id='word_1_239' title='bbox 468 1857 581 1904; x_wconf 84' lang='lat' dir='ltr'>pedes</span> <span class='ocrx_word' id='word_1_240' title='bbox 613 1861 759 1891; x_wconf 85' lang='lat' dir='ltr'>cinerei.</span> <span class='ocrx_word' id='word_1_241' title='bbox 788 1855 978 1891; x_wconf 85' lang='lat' dir='ltr'>Buffonius</span> <span class='ocrx_word' id='word_1_242' title='bbox 1005 1862 1133 1904; x_wconf 84' lang='lat' dir='ltr'>utique</span> <span class='ocrx_word' id='word_1_243' title='bbox 1158 1856 1264 1901; x_wconf 79' lang='lat' dir='ltr'>dicit,</span> <span class='ocrx_word' id='word_1_244' title='bbox 1290 1867 1448 1892; x_wconf 88' lang='lat' dir='ltr'>rostrum</span> <span class='ocrx_word' id='word_1_245' title='bbox 1474 1862 1511 1891; x_wconf 89' lang='lat' dir='ltr'>in</span> <span class='ocrx_word' id='word_1_246' title='bbox 1539 1857 1758 1906; x_wconf 83' lang='lat' dir='ltr'>quibusdam</span> 
     </span>
     <span class='ocr_line' id='line_1_30' title="bbox 141 1911 1756 1961; baseline 0.004 -16"><span class='ocrx_word' id='word_1_247' title='bbox 141 1911 337 1946; x_wconf 80' lang='lat' dir='ltr'>individuis</span> <span class='ocrx_word' id='word_1_248' title='bbox 352 1912 505 1949; x_wconf 85' lang='lat' dir='ltr'>validius</span> <span class='ocrx_word' id='word_1_249' title='bbox 521 1923 557 1949; x_wconf 85' lang='lat' dir='ltr'>et</span> <span class='ocrx_word' id='word_1_250' title='bbox 571 1919 684 1961; x_wconf 83' lang='lat' dir='ltr'>magis</span> <span class='ocrx_word' id='word_1_251' title='bbox 704 1925 914 1948; x_wconf 83' lang='lat' dir='ltr'>convexum</span> <span class='ocrx_word' id='word_1_252' title='bbox 929 1925 1023 1958; x_wconf 78' lang='lat' dir='ltr'>esse3</span> <span class='ocrx_word' id='word_1_253' title='bbox 1038 1924 1074 1949; x_wconf 84' lang='lat' dir='ltr'>et</span> <span class='ocrx_word' id='word_1_254' title='bbox 1089 1915 1189 1960; x_wconf 80' lang='lat' dir='ltr'>juxta</span> <span class='ocrx_word' id='word_1_255' title='bbox 1204 1915 1407 1949; x_wconf 85' lang='lat' dir='ltr'>Barrerium</span> <span class='ocrx_word' id='word_1_256' title='bbox 1425 1913 1582 1950; x_wconf 83' lang='lat' dir='ltr'>feminae</span> <span class='ocrx_word' id='word_1_257' title='bbox 1600 1927 1756 1951; x_wconf 86' lang='lat' dir='ltr'>rostrum</span> 
     </span>
     <span class='ocr_line' id='line_1_31' title="bbox 144 1968 386 2005; baseline 0.012 -3"><span class='ocrx_word' id='word_1_258' title='bbox 144 1968 300 2003; x_wconf 86' lang='lat' dir='ltr'>debilius</span> <span class='ocrx_word' id='word_1_259' title='bbox 323 1979 386 2005; x_wconf 84' lang='lat' dir='ltr'>est.</span> 
     </span>
    </p>

    <p class='ocr_par' dir='ltr' id='par_1_11' title="bbox 144 2026 1754 2132">
     <span class='ocr_line' id='line_1_32' title="bbox 214 2026 1754 2078; baseline 0.003 -19"><span class='ocrx_word' id='word_1_260' title='bbox 214 2027 347 2060; x_wconf 73' lang='lat' dir='ltr'>Nescio</span> <span class='ocrx_word' id='word_1_261' title='bbox 376 2040 424 2061; x_wconf 90' lang='lat' dir='ltr'>an</span> <span class='ocrx_word' id='word_1_262' title='bbox 457 2026 630 2063; x_wconf 84' lang='lat' dir='ltr'>Suecicae</span> <span class='ocrx_word' id='word_1_263' title='bbox 653 2033 790 2077; x_wconf 84' lang='lat' dir='ltr'>species</span> <span class='ocrx_word' id='word_1_264' title='bbox 815 2026 922 2062; x_wconf 85' lang='lat' dir='ltr'>aliter</span> <span class='ocrx_word' id='word_1_265' title='bbox 949 2039 986 2062; x_wconf 89' lang='lat' dir='ltr'>se</span> <span class='ocrx_word' id='word_1_266' title='bbox 1010 2026 1192 2072; x_wconf 83' lang='lat' dir='ltr'>habeant,</span> <span class='ocrx_word' id='word_1_267' title='bbox 1221 2041 1267 2063; x_wconf 83' lang='lat' dir='ltr'>an</span> <span class='ocrx_word' id='word_1_268' title='bbox 1293 2040 1393 2063; x_wconf 86' lang='lat' dir='ltr'>error</span> <span class='ocrx_word' id='word_1_269' title='bbox 1424 2033 1468 2064; x_wconf 87' lang='lat' dir='ltr'>sit</span> <span class='ocrx_word' id='word_1_270' title='bbox 1491 2041 1602 2078; x_wconf 81' lang='lat' dir='ltr'>quem</span> <span class='ocrx_word' id='word_1_271' title='bbox 1628 2041 1754 2064; x_wconf 84' lang='lat' dir='ltr'>omnes</span> 
     </span>
     <span class='ocr_line' id='line_1_33' title="bbox 144 2083 1754 2132; baseline 0.002 -17"><span class='ocrx_word' id='word_1_272' title='bbox 144 2083 295 2116; x_wconf 83' lang='lat' dir='ltr'>Liunaei</span> <span class='ocrx_word' id='word_1_273' title='bbox 308 2094 505 2119; x_wconf 84' lang='lat' dir='ltr'>sectatores</span> <span class='ocrx_word' id='word_1_274' title='bbox 526 2091 604 2120; x_wconf 82' lang='lat' dir='ltr'>siue</span> <span class='ocrx_word' id='word_1_275' title='bbox 619 2092 788 2120; x_wconf 78' lang='lat' dir='ltr'>examine</span> <span class='ocrx_word' id='word_1_276' title='bbox 809 2095 1037 2132; x_wconf 82' lang='lat' dir='ltr'>receperunt.</span> <span class='ocrx_word' id='word_1_277' title='bbox 1060 2086 1166 2120; x_wconf 70' lang='lat' dir='ltr'>Meus</span> <span class='ocrx_word' id='word_1_278' title='bbox 1184 2098 1312 2121; x_wconf 79' lang='lat' dir='ltr'>corvus</span> <span class='ocrx_word' id='word_1_279' title='bbox 1325 2099 1437 2121; x_wconf 87' lang='lat' dir='ltr'>corax</span> <span class='ocrx_word' id='word_1_280' title='bbox 1451 2086 1578 2121; x_wconf 83' lang='lat' dir='ltr'>saltem</span> <span class='ocrx_word' id='word_1_281' title='bbox 1600 2085 1754 2120; x_wconf 77' lang='lat' dir='ltr'>caudam</span> 
     </span>
    </p>
   </div>
   <div class='ocr_carea' id='block_1_11' title="bbox 142 2137 1753 2245">
    <p class='ocr_par' dir='ltr' id='par_1_12' title="bbox 142 2137 1753 2245">
     <span class='ocr_line' id='line_1_34' title="bbox 142 2137 1753 2193; baseline 0.002 -20"><span class='ocrx_word' id='word_1_282' title='bbox 142 2137 253 2173; x_wconf 79' lang='lat' dir='ltr'>habet</span> <span class='ocrx_word' id='word_1_283' title='bbox 272 2141 600 2189; x_wconf 64' lang='lat' dir='ltr'>semfflwmbeam,</span> <span class='ocrx_word' id='word_1_284' title='bbox 625 2143 909 2187; x_wconf 67' lang='lat' dir='ltr'>subeinieatam,</span> <span class='ocrx_word' id='word_1_285' title='bbox 929 2153 1066 2178; x_wconf 86' lang='lat' dir='ltr'>corone</span> <span class='ocrx_word' id='word_1_286' title='bbox 1086 2153 1211 2179; x_wconf 83' lang='lat' dir='ltr'>autem</span> <span class='ocrx_word' id='word_1_287' title='bbox 1229 2143 1443 2193; x_wconf 83' lang='lat' dir='ltr'>aequalem⁷</span> <span class='ocrx_word' id='word_1_288' title='bbox 1463 2142 1672 2179; x_wconf 69' lang='lat' dir='ltr'>rectricibus</span> <span class='ocrx_word' id='word_1_289' title='bbox 1687 2155 1753 2177; x_wconf 81' lang='lat' dir='ltr'>ne-</span> 
     </span>
     <span class='ocr_line' id='line_1_35' title="bbox 145 2204 468 2245; baseline 0.012 -16"><span class='ocrx_word' id='word_1_290' title='bbox 145 2208 329 2245; x_wconf 85' lang='lat' dir='ltr'>quaquam</span> <span class='ocrx_word' id='word_1_291' title='bbox 344 2204 468 2233; x_wconf 86' lang='lat' dir='ltr'>acutis.</span> 
     </span>
    </p>
   </div>
  </div>
 </body>
</html>
