2054 2748
1606 195 1629 202 ...-

741 167 1042 199 PISCES.
1609 175 1682 217 091

163 259 294 304 Margo
315 262 388 292 oris
406 254 552 304 papillis
575 252 749 288 mollibus
775 252 936 297 obsitus,
957 262 1114 299 utroque
1133 255 1296 298 margine
1318 256 1357 285 iu
1377 251 1499 289 clauso
1523 267 1585 290 ore
1601 268 1693 291 con-

91 321 238 351 nivente
253 342 262 358 ,
282 323 323 348 ut
338 310 599 359 longitudinali
614 316 705 344 rima
725 322 763 344 os
784 309 983 344 claudatur.

163 373 287 417 Hepar
311 368 445 412 viride,
475 366 689 402 membrana
713 371 892 402 exteriore
921 370 960 400 in
984 376 1163 410 cyaneum
1191 373 1374 411 vergente.
1402 365 1549 400 Frixum
1576 374 1695 415 reperi

91 427 240 469 durum,
264 435 300 459 et
323 430 383 459 vix
406 437 479 460 esu.
1702 424 1710 428 ²

151 484 326 517 Ovarium
337 481 404 516 fuit
419 481 584 530 pondere
599 485 788 515 unciarum
802 490 867 513 sex
882 489 967 513 cum
978 477 1255 512 semidrachnia.
1271 477 1349 513 Ova
1359 489 1513 513 numero
1534 479 1693 525 19S‚85o.

94 538 330 586 (observante
346 550 481 585 genero
504 536 735 583 Hammero.)

164 598 238 629 Cor
258 593 476 640 triangulare
493 592 617 641 hepati
637 592 800 638 adjacet,
820 590 956 626 lamina
972 603 1058 626 cava
1073 589 1307 637 cartilaginea
1322 595 1422 625 tenui
1440 590 1486 625 ab
1505 590 1571 625 illo
1593 603 1697 639 sepa-

91 660 220 686 ratum.
247 650 307 684 An
321 648 388 684 suit
400 655 521 697 portio
538 648 731 697 pericardii
745 648 972 695 cartilaginei
987 647 1089 695 quod
1103 647 1344 681 Rondeletius
1358 660 1393 695 p.
1408 647 1484 694 399.
1498 647 1696 683 adscribit?

163 709 205 741 In
224 711 405 740 conscisso
427 705 520 740 haec
540 706 750 749 observata⁷
771 704 919 739 ulterius
942 711 981 739 in
999 709 1139 751 integro
1165 703 1422 738 examinanda.
1450 704 1703 739 'l‘ransversim

91 772 208 797 sectus
228 767 333 810 piscis
353 771 511 809 quatuor
532 772 641 797 strata
661 761 912 795 musculorum
937 766 1173 796 concentrica
1192 760 1351 795 exhibet.

166 820 259 852 Caro
280 824 399 852 minus
421 818 544 866 sapida
564 823 637 853 visa
656 823 850 865 minusque
871 823 1013 865 pinguis
1029 830 1140 866 quam
1155 817 1363 864 anguillae,
1386 822 1463 851 sine
1479 816 1591 851 dubio
1614 823 1702 865 quia>

92 874 166 920 jam
186 879 269 909 satis
288 884 462 922 provecto
477 886 598 918 anno,
621 883 658 908 et
678 883 761 921 post
782 884 945 921 partum;
964 874 1028 909 sed
1049 874 1142 909 illud
1161 880 1250 920 grati
1269 873 1396 917 habet,
1420 873 1521 920 quod
1543 874 1697 909 ossicula

91 936 237 977 spinosa
264 943 407 978 prorsus
434 930 537 965 nulla
564 929 695 974 habet,
724 940 759 965 et
788 930 963 977 cartilago
992 930 1144 965 dorsalis
1175 929 1292 963 cultro
1319 928 1564 976 dentibusque
1592 929 1698 964 facilc

92 985 229 1021 obedit.
257 989 351 1020 Cum
366 996 448 1020 cute
463 991 669 1031 praeparari
686 987 790 1031 jussi,
803 998 923 1033 neque
936 991 1118 1033 poenituit
1133 997 1140 1018 :
1157 984 1311 1017 consilio
1326 984 1562 1030 NVillughbeji
1577 998 1611 1032 p.
1627 987 1700 1020 105.

91 1052 170 1075 non
190 1039 331 1074 detrahi
352 1048 475 1073 cutem
496 1041 591 1084 jussi.

162 1097 205 1129 In
224 1094 396 1142 lapidosis
416 1094 527 1128 alveis
547 1105 725 1140 aquarum
746 1094 953 1139 rapidarum
981 1093 1101 1140 Aprili
1129 1099 1294 1140 pariunt,
1322 1093 1517 1141 foveasque
1540 1094 1700 1132 formant

91 1150 275 1199 lapidibus
297 1154 582 1197 circumpositis,
611 1161 704 1197 quos
727 1148 774 1183 ad
799 1147 945 1182 bilibres
970 1160 1084 1195 usque
1109 1160 1172 1182 ore
1192 1147 1379 1182 attollunt.
1404 1150 1533 1183 Rarius
1552 1157 1700 1198 capiunt

92 1212 179 1254 quia
196 1205 316 1242 valide
336 1205 536 1240 adhaerent
548 1234 556 1250 ‚
574 1215 609 1240 et
628 1215 705 1240 rete
720 1203 971 1253 superlabitur.
997 1204 1311 1251 Balmermscpc.
1338 1204 1410 1240 Sed
1427 1218 1490 1240 cur
1509 1219 1700 1254 nunquam

93 1264 243 1309 junioris
261 1267 389 1296 aetatis
408 1267 638 1310 reperiuntur
649 1265 664 1296 'f

167 1319 218 1352 Os
237 1318 555 1365 longitudinaliter
569 1317 726 1363 claudit,
742 1327 781 1353 ut
795 1323 885 1352 rima
899 1316 972 1352 sere
991 1327 1133 1352 tantum
1148 1328 1331 1365 superesse
1351 1317 1533 1363 videatur,
1550 1320 1698 1367 quando

94 1385 197 1409 extra
213 1387 348 1422 aquam
367 1384 429 1409 est*
455 1377 497 1408 In
521 1387 616 1421 aqua
643 1387 682 1408 os
709 1374 859 1421 quidem
879 1373 1059 1420 explicat,
1087 1374 1150 1408 sed
1172 1387 1248 1407 non
1268 1373 1380 1420 affigit
1400 1384 1462 1409 aut
1483 1374 1561 1409 ullo
1585 1377 1699 1412 modo

95 1437 207 1477 sugit3
231 1430 385 1477 digitum
410 1429 569 1464 libenter
587 1436 626 1463 in
645 1442 683 1463 os
703 1435 852 1463 immitti
869 1435 1004 1477 patitur
1019 1457 1027 1473 ‚
1045 1441 1115 1463 nec
1137 1429 1230 1463 illud
1251 1429 1434 1465 contrahit
1452 1441 1514 1465 aut
1528 1432 1701 1468 dentibus

94 1486 173 1522 ulio
196 1486 310 1520 modo
336 1485 459 1520 laedit.
488 1486 634 1520 Medios
653 1485 738 1519 illos
762 1485 968 1519 denticulos
991 1485 1097 1532 gulae
1117 1491 1217 1533 quasi
1237 1496 1300 1520 aut
1321 1486 1465 1533 linguae
1482 1487 1558 1523 basi
1572 1489 1700 1525 affixos

94 1543 184 1578 mihi
203 1548 297 1578 visus
321 1552 375 1576 est
399 1547 500 1589 quasi
518 1551 715 1576 retrorsum
741 1541 965 1589 quandoque
990 1547 1148 1578 traxisse.
1174 1543 1230 1576 Ex
1252 1542 1431 1577 foramine
1455 1550 1595 1580 verticis
1620 1546 1700 1580 bul—

95 1599 172 1635 lula
191 1604 282 1633 aeris
302 1599 526 1646 quaudoque
545 1603 642 1642 exit,
668 1597 891 1645 quandoque
914 1603 1022 1632 etiam
1047 1610 1164 1646 aquae
1182 1604 1284 1646 quasi
1303 1600 1417 1644 jactus
1445 1601 1586 1648 (prouti
1605 1612 1640 1637 et
1664 1607 1701 1638 in

95 1657 136 1691 P.
157 1653 393 1700 branchiali).
421 1653 595 1688 Obturari
621 1653 715 1688 illud
740 1653 903 1688 foramen
929 1654 997 1688 sibi
1020 1661 1154 1702 patitur
1181 1661 1341 1690 immisso
1369 1657 1558 1704 cuspidato
1587 1658 1700 1706 ligno.

96 1712 225 1745 Latera
245 1709 292 1744 ad
310 1709 490 1757 spiracula
510 1709 678 1744 celentur
704 1715 935 1757 respiratorio
956 1720 1061 1746 motu
1079 1721 1297 1756 moventur,
1319 1722 1358 1747 ut
1380 1718 1418 1746 in
1440 1713 1554 1748 [undo
1581 1721 1702 1762 singu-

96 1766 219 1801 lorum
238 1765 505 1814 spiraculorum
525 1775 675 1813 apparet
699 1771 800 1813 quasi
826 1766 984 1802 vesicula
1011 1777 1074 1802 aut
1103 1767 1254 1803 bullula.
1283 1769 1385 1804 A'e'ris
1416 1768 1539 1804 bullae
1566 1783 1701 1808 exeunt

96 1822 211 1858 modo
233 1835 279 1856 ex
304 1835 400 1866 uno,
425 1822 538 1857 modo
567 1834 613 1856 ex
631 1822 704 1856 alio
730 1821 864 1857 horum
885 1824 1169 1870 spiraculorum,
1194 1824 1307 1860 modo
1334 1837 1379 1859 ex
1399 1825 1561 1874 pluribus
1581 1829 1698 1863 simul.

97 1879 183 1913 Vidi
202 1885 310 1913 etiam
325 1879 387 1913 diu
407 1891 451 1912 ex
466 1884 570 1913 unius
586 1878 822 1914 solummodo
842 1879 963 1914 lateris
981 1881 1166 1928 spiraculis
1191 1893 1250 1916 eas
1272 1888 1388 1927 exire,
1407 1882 1499 1917 nihil
1521 1895 1566 1918 ex
1584 1897 1700 1933 oppo-

97 1940 166 1970 sito
186 1935 309 1970 latere.
338 1937 450 1970 Nares
465 1935 575 1984 plane
590 1935 710 1971 nullas
725 1935 888 1973 observo.
911 1937 1144 1984 (Observatio
1161 1938 1251 1975 haec
1271 1938 1365 1974 sacta
1378 1939 1411 1974 d.
1427 1947 1456 1981 4,
1472 1940 1559 1988 Apr.
1580 1940 1698 1987 1788.)

322 2030 887 2075 PETROMYZON
931 2033 1488 2077 BRANCHIALIS.

173 2111 274 2146 DUM
292 2117 461 2159 respirat,
485 2111 682 2147 dilatantur
699 2124 840 2161 septem
859 2119 1086 2161 respit-atoria
1113 2114 1312 2160 lbramina,
1333 2126 1367 2151 et
1389 2115 1494 2150 simul
1515 2115 1608 2150 linca
1629 2127 1700 2163 qua

103 2167 295 2201 cohaerere
324 2173 416 2202 inter
442 2181 480 2202 se
505 2169 695 2214 videntur,
720 2170 1001 2217 alternatimque
1029 2171 1303 2206 contraluintur.
1336 2173 1395 2206 Ad
1420 2178 1576 2219 primum
1596 2181 1631 2206 et
1653 2172 1707 2207 ad

103 2232 261 2271 quatuor
287 2234 470 2272 postrema
496 2225 676 2262 foramina
700 2225 793 2261 nihil
816 2225 1065 2261 memorabilis
1084 2227 1259 2274 observo,
1284 2228 1348 2264 scd
1369 2228 1416 2263 ad
1440 2228 1642 2263 seeundum
1665 2238 1705 2264 et·
