2054 2748
875 142 1089 173 AVES.
1703 137 1780 189 149

176 245 257 269 rurn
277 233 449 269 ordinum
469 231 586 267 albae.
614 229 688 265 Sed
703 228 891 264 brachium
911 240 1004 275 quae
1019 235 1167 275 tegunt,
1186 230 1319 274 nigrae.
1348 227 1456 260 Hune
1477 239 1542 274 pro
1560 229 1612 263 M.
1633 234 1777 264 minuto

176 289 312 333 habui,
332 290 396 325 sed
416 302 515 324 nunc
536 288 710 323 seminam
725 284 853 321 albelli
872 296 948 319 esse
969 290 1121 332 reperio.
1149 285 1300 318 Femina
1320 282 1448 318 albelli
1473 289 1579 331 igitur
1599 298 1617 319 a
1638 287 1690 320 M.
1710 291 1779 319 mi-

175 357 267 382 nuto
288 346 418 382 dissert.

387 437 866 485 PELECANUS
919 435 1558 481 ONOCROTALUS.

247 534 317 569 Ao.
334 535 433 581 1758.
455 534 488 568 d.
504 535 534 568 3.
550 530 621 566 Jul.
638 529 845 565 onocrotali
866 527 939 563 fere
956 538 1106 564 centum
1124 538 1158 563 et
1179 534 1324 576 triginta
1335 541 1443 576 super
1458 528 1570 576 Alpes
1585 528 1631 564 ab
1645 529 1778 565 Austro

175 596 366 626 venierunt
386 600 422 624 et
440 595 478 623 in
498 590 708 634 Brigantino
732 586 815 621 lacu
836 585 1063 633 (Bodensee)
1081 585 1340 620 consederunt.
1367 587 1507 620 Eorum
1521 599 1614 621 unus
1633 597 1779 635 captus,

175 653 225 681 sic
240 659 277 681 se
289 646 425 681 habuit.
444 643 692 691 Illagnicnclo
708 655 825 690 cygno
843 642 957 690 duplo
973 644 1102 688 major.
1125 642 1314 677 Altitudo
1331 648 1439 677 erecti
1458 649 1619 691 quinque
1631 645 1780 691 pedum.

174 702 367 737 Lacicndo
388 701 544 737 volantis
563 700 738 734 undecim
759 699 907 748 pedum.
933 699 1098 734 Pondus
1122 704 1248 746 viginti
1267 705 1429 746 quinque
1453 699 1637 736 librarum.
1670 702 1786 737 Color

173 758 298 803 albus,
318 763 444 806 capitis
463 757 597 806 plumis
616 757 818 802 subroseis,
841 756 1037 803 remigibus
1062 761 1181 803 nigris.
1208 756 1383 790 Plumae
1407 756 1661 804 densissimae,
1682 768 1782 795 tactu

173 815 393 862 singulares,
417 825 614 849 retrorsum
635 813 782 860 rigidae.
812 814 929 847 Oculi
948 813 1137 848 avellanae
1159 813 1423 860 magnitudine.
1460 815 1534 847 Iris
1550 813 1658 849 fulva.
1683 816 1782 851 Ocu-

173 871 295 905 lorum
320 876 421 919 regio
443 870 542 905 nuda
562 898 573 915 ⁷
603 870 707 914 alba,
736 883 813 904 non
839 882 961 914 rosea,
989 876 1042 905 uti
1068 869 1270 904 Edwardus
1298 869 1422 904 habet.
1458 869 1613 904 Plumae
1640 879 1782 909 verticis

173 928 425 972 inordinatae,
440 926 686 961 subcristatae.
706 927 893 960 Rostrum
912 925 1143 973 longitudine
1163 926 1372 961 octodecim
1391 925 1590 973 pollicum,
1608 941 1782 975 squamo-

174 983 274 1029 sum,
300 995 456 1032 superne
482 982 645 1026 luteum,
673 981 798 1015 colore
823 988 1004 1026 variante,
1027 982 1103 1016 basi
1121 981 1377 1029 subplumbeo.
1406 981 1571 1030 Superne
1591 994 1692 1020 costa
1715 986 1782 1020 ob-

173 1050 252 1075 tusa
264 1068 273 1086 ,
294 1040 368 1075 lata
381 1068 389 1084 ,
410 1039 607 1074 rotundata
619 1037 781 1083 ,inferne
799 1047 923 1073 costae
944 1038 1057 1083 duae,
1078 1044 1189 1086 apicis
1209 1043 1348 1074 incurvi
1367 1038 1600 1074 tuberculum
1614 1041 1783 1089 glabrum

172 1096 333 1132 rubrum.
360 1098 475 1131 Nares
497 1100 672 1129 minimae
689 1094 736 1128 ad
760 1093 874 1129 basin.
902 1094 1145 1129 Mandibulae
1166 1095 1344 1130 inferioris
1363 1102 1543 1143 margines
1564 1097 1780 1136 dilatabiles.

173 1153 352 1188 Maxillae
372 1152 550 1187 secedunt
564 1164 584 1185 a
604 1163 641 1186 se
659 1156 817 1185 invicem
834 1151 880 1185 ad
901 1163 1015 1198 usque
1035 1157 1223 1199 regionem
1243 1152 1309 1187 sub
1330 1152 1446 1187 oculis
1459 1181 1467 1197 ,
1488 1153 1550 1188 ubi
1567 1156 1782 1192 mandibula

173 1216 336 1257 superior
358 1215 395 1243 in
422 1208 584 1243 faucibus
609 1207 717 1255 gibba
743 1217 905 1255 apparet.
942 1208 1091 1242 Saccus
1119 1208 1252 1255 gularis
1280 1209 1327 1242 ad
1356 1214 1500 1243 tertiam
1526 1210 1613 1244 colli
1640 1222 1782 1258 partem

174 1266 419 1311 descendens,
439 1265 616 1300 formatur
644 1277 689 1298 ex
718 1274 800 1299 cute
821 1264 932 1298 densa
948 1291 956 1306 ,
981 1263 1108 1307 molli,
1132 1276 1281 1310 rugosa,
1310 1263 1509 1309 dilatabili,
1537 1265 1647 1311 flava,
1681 1275 1781 1303 venis

174 1330 271 1371 picta
286 1351 294 1365 ,
314 1322 542 1369 coi-fuganda
561 1331 597 1355 et
616 1320 848 1355 extendenda
867 1332 933 1366 pro
955 1318 1074 1353 lubitu
1093 1324 1188 1362 avis,
1212 1325 1304 1353 intra
1330 1332 1442 1365 quam
1466 1319 1608 1355 locatus
1633 1322 1779 1369 larynx,

174 1390 271 1414 totus
299 1388 424 1426 aperto
455 1390 518 1411 ore
542 1376 845 1422 conspiciendus,
878 1385 962 1407 curn
990 1379 1239 1420 prominentia
1270 1374 1505 1410 carunculata
1527 1376 1575 1411 ad
1600 1385 1781 1415 anteriora

173 1436 349 1483 laryrgis,
369 1445 462 1482 quae
482 1432 630 1479 linguae
649 1431 736 1465 loco
758 1442 833 1465 esse
851 1430 1003 1465 videtur.

245 1493 430 1538 Remiges
458 1495 586 1537 viginti
617 1498 701 1524 octo
731 1494 879 1534 nigrae,
908 1485 1037 1521 rhachi
1057 1485 1150 1521 alba.
1191 1487 1382 1523 Teccrices
1408 1499 1546 1525 acutae.
1584 1491 1781 1528 Reccrtces

173 1549 300 1593 albae,
325 1548 460 1583 breves.

245 1605 371 1640 Pedes
398 1604 522 1639 breves
542 1602 652 1639 validi
679 1602 772 1648 albi,
795 1607 848 1637 uti
873 1611 908 1637 et
934 1599 1181 1636 membranae.
1216 1602 1380 1650 Digitus
1402 1610 1564 1652 posticus
1583 1611 1781 1644 introrsum

172 1663 297 1699 flexus.

246 1718 398 1754 Collum
417 1727 514 1753 retro
535 1717 666 1762 flectit,
694 1726 729 1752 et
753 1715 856 1752 sedet
875 1722 928 1751 uti
949 1728 1103 1751 anseres.
1131 1718 1272 1764 Corpus
1293 1727 1405 1753 curat.

245 1777 330 1810 Vox
359 1775 495 1820 brevis,
527 1780 690 1809 asininae
718 1773 948 1822 profundiori
969 1772 1105 1808 similis⁴
1131 1774 1290 1808 Piscium
1318 1783 1388 1809 tres
1417 1773 1490 1809 fere
1513 1775 1622 1812 lib‘ras
1653 1779 1698 1814 de
1721 1781 1779 1816 die

172 1841 335 1881 integros
355 1831 531 1879 deglutit,
552 1837 671 1879 capite
690 1842 834 1878 semper
852 1841 1056 1865 antrorsum
1070 1842 1186 1875 verse,
1201 1836 1263 1878 qui
1279 1844 1343 1878 per
1358 1831 1489 1867 horam
1503 1833 1624 1869 adhuc
1640 1841 1677 1871 in
1695 1839 1777 1885 gula

173 1904 211 1927 se
236 1899 394 1924 movent.
422 1890 542 1924 Pisces
563 1898 680 1923 sectos
704 1898 739 1923 et
758 1887 953 1936 pisciculos
974 1892 1134 1922 minores
1155 1893 1311 1935 respuit,
1338 1888 1502 1937 aliosque
1521 1890 1622 1926 cibos
1643 1906 1778 1929 omnes.

172 1947 340 1983 Inediam
363 1958 427 1994 per
454 1945 546 1980 duos
570 1945 644 1980 dies
664 1944 770 1980 facile
789 1944 868 1979 fert.
896 1946 1030 1979 Parum
1050 1943 1152 1979 bibit.
1179 1946 1402 1981 Mansuetus.
1431 1949 1548 1982 Canes
1567 1949 1656 1985 odit.

246 2051 334 2084 Non
352 2061 425 2083 una
444 2061 530 2083 sane
549 2054 686 2097 species
703 2058 755 2084 est
770 2048 997 2092 onocrotali,
1017 2057 1160 2095 praeter
1180 2047 1260 2082 illas
1280 2048 1368 2084 duas
1383 2049 1654 2085 Edwardianas.
1681 2053 1778 2086 Nam

175 2118 356 2153 europaeo
379 2118 491 2154 quem
516 2106 689 2154 equidem
703 2106 786 2150 vidi,
808 2105 955 2154 plumae
970 2104 1036 2139 sub
1056 2110 1184 2152 pennis
1203 2118 1336 2141 roseae.
1364 2107 1485 2142 Rom-i
1501 2107 1704 2154 superficies
1718 2121 1777 2142 su-

174 2167 296 2210 perior
318 2162 374 2209 (in
386 2154 468 2197 meo
488 2162 626 2209 rostro)
643 2162 825 2198 foveolata
840 2191 846 2208 ,
867 2167 957 2197 serie
971 2160 1198 2198 soveolarum
1216 2169 1395 2212 utrinque.
1416 2164 1548 2200 Saccus
1563 2163 1778 2211 simpliciter

174 2224 274 2256 venis
295 2219 604 2266 transparentibus
625 2220 826 2256 distinctus.
