2054 2748
790 162 1178 194 MAMMALIA.
1730 163 1785 210 55

233 248 294 283 Ab
312 260 387 283 uno
407 251 552 282 narium
574 246 710 295 angulo
735 252 937 295 posteriore
964 248 1011 282 ad
1040 247 1194 282 alterum
1223 275 1228 282 .
1281 275 1289 283 .
1343 274 1348 281 .
1404 276 1409 280 ,
1462 277 1467 281 .
1519 268 1542 290 μ
1555 249 1645 296 poll
1686 249 1782 285 Sim.

231 305 291 340 Ab
309 304 446 353 angulo
466 304 566 339 oculi
588 310 789 352 posteriore
810 303 857 339 ad
877 303 1054 351 angulum
1072 309 1142 339 oris
1170 332 1177 339 .
1230 332 1237 339 .
1291 333 1297 339 .
1350 333 1354 338 .
1408 331 1413 338 .
1467 332 1471 337 .
1527 318 1541 338 ι
1570 325 1617 332 —-
1691 308 1711 341 5
1737 327 1785 333 --

229 362 289 396 Ab
308 361 446 409 angulo
466 367 648 396 anteriore
668 360 765 396 oculi
788 360 836 395 ad
858 365 1001 408 apicem
1025 366 1129 395 rostri
1170 390 1175 396 .
1228 389 1234 396 .
1286 388 1292 395 .
1346 389 1351 395 .,
1405 388 1410 394 .
1464 388 1470 394 .
1522 372 1543 394 2
1569 380 1618 387 —-
1690 362 1710 395 ὅ
1736 382 1785 390 -«

228 418 441 465 Longitudo
466 418 612 452 semoris
633 422 823 451 anterioris
875 445 881 451 .
933 445 939 451 .
992 446 997 451 .
1050 445 1056 451 .
1109 444 1116 451 .
1170 445 1176 452 .
1230 446 1235 452 .
1286 444 1294 452 .
1346 445 1352 451 .
1404 444 1410 452 .
1464 445 1470 451 .
1520 422 1542 457 4
1567 436 1617 442 -
1691 420 1712 452 8
1737 438 1786 444 —-

228 475 440 522 Longitudo
466 474 576 509 tibIae
599 477 789 507 anterioris
817 501 823 507 .
875 501 882 507 .
933 501 940 507 .
993 500 999 507 .
1053 501 1059 507 .
1111 501 1116 506 .
1170 501 1176 507 .
1228 503 1233 507 .
1287 502 1292 507 .
1346 502 1351 508 .
1404 501 1411 508 .
1462 501 1468 508 .
1520 472 1541 507 5
1566 492 1616 499 -
1690 494 1712 516 st
1739 495 1786 502 —-

227 531 440 578 Longitudo
470 535 553 565 tarsi
576 541 661 563 cum
687 529 818 576 digitis.
871 558 877 564 .
930 559 936 564 .
989 558 995 564 .
1048 557 1056 565 .
1110 557 1115 563 .
1170 558 1175 563 .
1227 558 1232 563 .
1286 558 1293 564 .
1344 558 1351 564 .
1404 558 1409 564 .
1461 557 1468 564 .
1519 530 1539 565 ὃ
1566 549 1615 556 ·-—
1691 542 1713 564 2
1737 551 1786 557 —-

225 587 410 622 Distantia
431 591 542 633 apicis
566 591 696 632 unguis
715 590 753 619 in
773 585 911 633 pollice
935 585 981 621 ab
1004 591 1109 634 apice
1136 585 1239 634 digiti
1258 591 1437 621 interioris
1466 614 1472 621 .
1528 601 1541 621 1
1569 607 1619 613 —
1691 586 1714 622 6
1739 607 1787 614 --

224 643 434 690 Longitudo
454 641 602 677 femoris
623 647 832 690 posterioris
870 671 877 677 .
932 673 938 678 .
991 672 996 677 .
1050 672 1056 678 .
1109 672 1115 677 .
1169 672 1175 677 .
1229 671 1234 678 .
1288 672 1294 678 .
1345 672 1351 678 .
1404 672 1410 678 .
1463 672 1469 678 .
1521 643 1542 677 5
1566 663 1615 669 —-
1689 664 1712 685 m
1738 664 1787 670 --

226 699 437 746 Longitudo
458 698 568 734 tibiae
586 704 795 747 posterioris
816 729 822 735 .
875 727 882 734 .
932 727 940 736 .
993 728 998 734 .
1051 727 1058 734 .
1112 727 1118 736 .
1171 727 1178 734 .
1231 728 1236 733 .
1289 726 1295 734 .
1346 728 1351 733 .
1405 728 1410 733 .
1464 727 1469 733 .
1521 699 1542 734 5
1568 719 1616 725 —·
1689 721 1713 742 ss
1738 719 1787 725 —-

224 757 436 803 Longitudo
458 762 541 791 tarsi
563 762 774 804 posterioris
799 769 883 791 cum
903 755 1024 803 digitis
1051 783 1058 791 .
1110 785 1115 790 .
1168 784 1175 791 .
1228 783 1233 789 .
1287 784 1292 789 .
1345 784 1351 790 .
1403 783 1410 790 .
1463 782 1471 790 .
1522 760 1544 795 4
1570 775 1618 780 -
1690 767 1714 802 9
1738 775 1787 781 —-·

223 813 435 860 Longitudo
455 813 558 861 digiti
577 819 787 862 posterioris
806 813 957 848 secundi
994 842 999 847 .
1052 842 1057 848 .
1111 840 1117 847 .
1171 841 1176 846 .
1230 841 1235 847 .
1288 840 1294 847 .
1406 841 1411 846 .
1465 841 1470 846 .
1526 824 1539 844 1
1567 832 1618 837 —
1691 812 1713 847 8
1737 831 1786 838 —·

249 871 419 916 Quatuor
446 876 553 905 series
584 880 742 906 setarum
768 876 954 916 mystacis3
985 879 1060 905 seta
1083 868 1294 917 longissima
1314 840 1471 903 duorum
1495 865 1674 916 pollicum
1701 879 1786 903 cum

176 927 339 962 dimidio.

248 985 371 1018 Facies
392 993 469 1019 tota
487 985 575 1020 rufa.
595 985 750 1020 Labium
769 991 932 1035 superius
951 991 1116 1033 margine
1135 983 1222 1019 albo
1238 1014 1244 1029 ,
1261 984 1390 1018 decem
1404 982 1518 1018 lineas
1534 981 1628 1027 lato,
1642 981 1785 1016 medio-

173 1051 245 1088 que
266 1053 365 1088 pone
380 1051 558 1086 mystaces
573 1043 718 1078 macula
740 1049 841 1091 nigra
855 1049 1071 1091 interrupto.
1102 1039 1248 1075 Albedo
1265 1040 1354 1075 haec
1376 1045 1446 1074 oris
1467 1038 1643 1087 angulum
1658 1038 1784 1083 ambit,

173 1096 340 1144 infraque
363 1102 401 1131 in
428 1108 555 1133 mento
582 1109 617 1133 et
647 1099 730 1146 gula
755 1105 793 1134 in
819 1099 984 1135 colorem
1008 1098 1084 1134 abit
1108 1103 1304 1133 cinereum.
1330 1099 1372 1132 In
1392 1106 1535 1144 gutture
1561 1105 1785 1144 pectoreque

171 1153 317 1188 macula
337 1158 517 1201 nigricans
532 1154 649 1190 forma
670 1155 741 1190 fere
760 1156 891 1191 fasciae
912 1167 1143 1192 transversae.
1170 1155 1287 1189 Aures
1307 1160 1488 1189 exteriore
1503 1163 1605 1202 parte
1633 1158 1766 1200 nigrae.

243 1210 361 1245 Pedes
381 1216 579 1246 anteriores
599 1225 619 1246 a
643 1212 769 1248 cubitu
790 1214 835 1248 ad
857 1224 1040 1248 extremos
1061 1212 1194 1258 digitos
1214 1218 1252 1246 in
1273 1215 1456 1245 anteriore
1483 1219 1584 1257 parte
1607 1215 1719 1255 nigri,
1746 1214 1783 1243 in

173 1272 376 1314 posteriore
400 1266 489 1301 fusci
503 1295 510 1309 ,
531 1267 639 1301 fascia
660 1268 842 1303 albicante
864 1275 902 1302 in
923 1274 1085 1314 margine
1109 1272 1283 1300 interiore
1303 1277 1443 1299 sursum
1459 1277 1578 1298 versus
1600 1274 1782 1311 protensa.

244 1321 387 1357 Pedum
413 1328 661 1370 posteriorum
686 1323 796 1358 tibiae
814 1330 852 1358 in
878 1329 1042 1370 margine
1071 1321 1197 1365 albae,
1228 1326 1402 1355 interiora
1429 1332 1549 1355 versus
1569 1325 1712 1365 nigrae,
1735 1319 1782 1354 ad

171 1383 351 1412 exteriora
373 1377 432 1410 vel
446 1382 647 1422 posteriora
668 1377 799 1409 fuscae.
826 1377 998 1409 Eundem
1020 1381 1058 1408 in
1072 1376 1226 1408 modum
1249 1379 1333 1408 tarsi
1357 1374 1555 1421 dIgitique,
1572 1374 1699 1409 colore
1719 1387 1782 1410 au-

170 1442 246 1468 tem
266 1438 369 1479 nigro
395 1437 433 1465 in
452 1429 509 1465 his
533 1436 756 1465 saturatiore.

244 1487 391 1523 Caudae
413 1487 506 1522 basis
525 1486 643 1531 fusca,
667 1486 732 1535 pili
756 1486 842 1522 dein
871 1486 972 1522 helvi
996 1498 1059 1522 seu
1081 1486 1330 1534 Fusco-grisei,
1355 1491 1460 1535 apice
1483 1492 1610 1534 nigro,
1633 1488 1699 1536 pili
1723 1494 1777 1524 in-

170 1550 321 1582 teriores
340 1544 436 1589 albi,
456 1550 504 1579 ita
523 1554 562 1579 ut
583 1544 699 1579 cauda
719 1550 822 1592 nigro
848 1549 1082 1579 circumcirca
1103 1548 1205 1591 quasi
1233 1543 1423 1591 adspersa,
1447 1550 1551 1592 apice
1570 1550 1674 1592 nigro
1694 1558 1780 1593 pro-

170 1607 248 1650 prie
273 1600 345 1635 dici
367 1610 537 1648 nequeat.
564 1600 634 1635 Pili
654 1612 673 1635 e
696 1606 879 1635 contrario
907 1606 1051 1649 apicem
1070 1612 1190 1636 versus
1211 1600 1297 1636 albo
1319 1600 1491 1636 dilutiore
1513 1611 1548 1637 et
1570 1608 1715 1650 puriore
1733 1602 1780 1638 ad

170 1658 275 1694 basin
299 1667 384 1692 sunt
405 1657 539 1692 colore.

245 1716 365 1761 Digiti
383 1714 604 1761 subpalmati
618 1743 627 1760 ,
649 1724 690 1750 ut
710 1720 748 1749 in
767 1727 858 1750 cane
881 1713 1059 1750 familiari.

244 1829 353 1862 Canis
376 1825 504 1874 vulpes
530 1838 633 1860 meus
656 1835 813 1862 rostrum
836 1831 990 1860 omnino
1015 1830 1154 1860 acutius
1181 1823 1313 1870 habet,
1336 1825 1383 1860 ab
1403 1825 1540 1874 angulo
1562 1824 1662 1860 oculi
1676 1835 1777 1861 ante-

170 1890 265 1921 riore
287 1895 401 1931 usque
425 1883 472 1918 ad
499 1888 643 1932 apicem
665 1888 770 1918 rostri
802 1883 894 1918 duos
920 1882 1077 1931 pollices
1104 1892 1141 1917 et
1162 1894 1296 1918 novem
1322 1881 1457 1929 lineas,
1483 1883 1712 1932 totidemque
1731 1882 1776 1917 ab

170 1940 307 1989 angulo
332 1939 431 1974 oculi
450 1946 651 1987 posteriore
673 1941 721 1975 ad
743 1940 845 1975 basin
868 1946 1078 1975 interiorem
1105 1945 1208 1974 auris.

244 2000 363 2045 Caput
387 2002 494 2044 igitur
523 1996 687 2033 obtusius
715 2002 815 2033 canis
842 1996 1005 2046 alopecis
1032 2002 1127 2045 parti
1148 1998 1223 2043 ejus
1249 2001 1423 2032 anteriori
1452 2009 1517 2032 seu
1542 1996 1647 2032 faciei
1675 2000 1774 2031 attri-

169 2054 358 2090 buendum
381 2064 443 2088 est.

242 2113 284 2145 In
302 2110 376 2145 hoc
393 2110 544 2159 quidem
563 2123 689 2159 margo
707 2123 856 2160 quoque
870 2121 1022 2160 apparet
1034 2109 1138 2145 albus
1157 2116 1195 2145 in
1214 2109 1313 2145 labio
1330 2117 1516 2160 superiore
1532 2123 1614 2145 cum
1630 2107 1773 2143 macula

170 2172 292 2214 nigra,
322 2167 386 2202 sed
411 2167 622 2204 obsoletior.
649 2168 766 2203 Pedes
790 2178 825 2203 et
850 2180 954 2203 aures
978 2179 1056 2201 nou
1082 2167 1175 2202 adeo
1201 2177 1358 2202 saturare
1380 2173 1482 2215 nigri.
1511 2166 1579 2202 Pili
1598 2178 1675 2200 non
1697 2174 1773 2200 tam

172 2228 311 2271 copiosi
329 2229 422 2270 nigri
439 2229 477 2259 in
500 2225 625 2261 cauda.
655 2225 792 2261 Guttur
811 2232 995 2261 cinereum
1014 2222 1202 2273 lateraque
1227 2225 1302 2272 ejus
1323 2229 1546 2272 nigricantia.

1459 2282 1489 2315 E
1517 2292 1538 2314 2
