2054 2748
262 145 338 189 1&›
627 147 1102 183 onsnnvAT10NEs
1150 148 1510 178 ZOOLOGICAR

328 243 370 276 In
384 242 541 289 Capensi
556 251 667 289 quem
681 237 851 287 possideo
866 263 873 279 ,
888 234 1035 284 plumae
1049 233 1116 270 sub
1130 239 1260 282 pennis
1277 232 1392 268 albae.
1413 234 1534 268 Rostri
1547 231 1716 268 foveolae
1730 232 1863 269 nullae.

256 297 476 334 Mandibula
497 302 661 346 superior
683 294 820 342 pollice
843 292 1008 339 longior,
1032 292 1096 326 sed
1119 297 1248 338 unguis
1270 296 1439 326 incurvus
1459 296 1570 338 apicis
1587 290 1738 326 brevior.
1765 291 1866 325 Dor-

255 369 336 392 sum
356 354 594 390 mandibulae
614 353 722 397 hujus
744 354 859 397 magis
880 360 1109 394 convexum,
1128 354 1269 397 postice
1290 347 1482 383 sulcatum.
1511 347 1645 383 Saccus
1660 359 1739 382 non
1753 358 1866 382 veno-

256 426 335 458 sus,
359 413 423 448 sed
441 411 572 455 ruber,
595 409 700 443 lineis
720 405 994 442 saturatioribus
1013 416 1130 442 rostro
1156 405 1340 454 parallelis
1364 410 1490 453 pictus.
1518 404 1580 440 Ad
1597 404 1775 452 angulum
1795 408 1868 439 oris

256 483 382 506 saccus
401 475 572 515 utrinque
589 463 736 500 macula
755 475 888 511 magna
908 470 1020 512 nigra.

330 535 435 570 Alius
455 537 559 568 rostri
586 529 802 566 mandibula
828 536 994 578 superior
1017 529 1130 577 longe
1156 533 1365 577 angustior,
1386 533 1500 576 magis
1521 538 1706 572 convexa,
1732 526 1870 574 absque

258 593 370 630 sulco.
398 592 530 626 Saccus
556 594 595 623 in
618 587 710 624 facie
737 593 919 622 anteriore
945 591 1059 634 magis
1078 585 1329 634 propendens,
1356 584 1494 633 absque
1516 583 1662 619 macula
1681 582 1729 618 ad
1747 582 1869 627 basin,

258 664 336 685 non
356 648 481 693 ruber,
507 646 572 682 sed
591 650 691 682 venis
716 643 903 693 parallelis
929 642 1213 691 copiosioribus,
1239 642 1424 691 simulque
1450 647 1540 679 vasis
1565 645 1774 689 sanguineis
1800 639 1871 675 dis-

259 713 401 743 nucius.

655 784 1469 832 PELECANUSCARBO

333 885 465 920 Rinus
485 882 583 931 apud
598 894 673 917 nos.
686 879 922 930 Saepiuscule
937 888 1064 915 tamen
1078 883 1246 914 occurrit.
1267 877 1338 912 Ao.
1356 887 1454 924 1790.
1470 880 1574 911 initio
1590 876 1612 910 J
1615 879 1691 909 unii
1708 873 1875 922 (insolito

261 940 448 990 tempore)
470 941 707 987 Argentorati
727 946 864 986 captus.
896 936 999 971 Alias
1019 942 1161 984 saepius
1188 935 1329 981 hyeme.
1356 932 1507 969 Pondus
1531 942 1672 981 septem
1691 930 1876 966 librarum.

261 999 380 1035 Pedes
399 1002 502 1044 nigri.
531 998 704 1043 Corporis
726 993 832 1028 color
861 993 1015 1027 obscure
1039 998 1228 1028 virescens.
1256 989 1463 1025 Oculorum
1486 995 1585 1036 regio
1612 994 1762 1032 citi-ina,
1792 988 1878 1035 gula

263 1055 370 1091 fulva.
397 1056 537 1100 Lingua
550 1056 713 1086 minima.
736 1050 854 1098 Sapor
873 1048 1061 1084 boschade
1080 1048 1154 1084 fera
1172 1046 1284 1096 paulo
1301 1046 1468 1082 deterior.
1494 1045 1601 1080 Odor
1618 1043 1711 1078 mihi
1731 1044 1880 1079 fortissi-

263 1124 343 1147 mus
359 1116 452 1145 visus
472 1107 646 1154 colymbo
667 1107 846 1151 deterior,
870 1111 909 1140 in
928 1111 1048 1153 specie
1069 1111 1213 1139 minore
1233 1109 1346 1150 nigra.
1373 1101 1608 1137 Ventriculus
1622 1107 1802 1135 maximus
1818 1112 1881 1149 per

264 1166 539 1215 longitudinem
558 1163 766 1199 abdominis
787 1163 1002 1211 dispositus,
1022 1161 1115 1197 duos
1135 1172 1290 1208 magnos
1308 1165 1424 1208 pisces
1445 1163 1638 1193 continuit.
1666 1158 1804 1206 Aspera
1826 1170 1882 1193 ar-

264 1230 353 1261 teria
380 1232 466 1259 ante
493 1222 779 1257 bifurcationem
802 1219 942 1255 annulo
972 1218 1115 1253 elevato
1145 1218 1324 1253 distincta.
1364 1214 1573 1263 Apophysis
1601 1226 1703 1249 ossea
1733 1213 1882 1249 mobilis

265 1281 379 1328 longa
403 1285 441 1315 in
463 1284 620 1327 occipite
646 1283 782 1322 cranii,
811 1278 914 1323 cujus
936 1287 1008 1324 ope
1027 1274 1214 1310 musculus
1236 1272 1460 1321 crotaphites
1482 1271 1635 1320 duplam
1660 1271 1883 1319 magnitudi-

264 1350 354 1373 nem
382 1346 418 1372 et
445 1342 519 1372 vim
545 1340 722 1383 acquirit,
751 1339 814 1382 qui
837 1335 912 1380 jam
943 1332 1150 1368 delineatus
1173 1338 1213 1366 in
1231 1328 1495 1366 Aldrovandt
1524 1327 1773 1376 Paraliponz.
1792 1336 1886 1376 post

268 1394 402 1428 histor.
425 1400 584 1426 monscr.
607 1404 644 1438 p.
668 1391 723 1425 25.
751 1391 933 1436 Camperi
955 1389 1096 1435 Opusc.
1117 1389 1174 1421 II.
1200 1401 1226 1420 1.
1248 1399 1285 1433 p.
1306 1399 1357 1419 11.

341 1458 463 1492 Russis
486 1455 673 1490 Balslam.
699 1456 841 1499 Hyeme
865 1452 913 1487 ad
939 1451 1062 1486 lacum
1086 1449 1240 1495 Baikal,
1270 1458 1406 1484 aestate
1427 1447 1475 1483 ad
1494 1447 1585 1483 alios
1609 1447 1710 1483 lacus
1735 1449 1885 1484 Russiae

270 1515 497 1563 dispergitur.
518 1512 636 1548 Nidus
648 1517 687 1547 in
700 1509 891 1546 arboribus
906 1513 1091 1544 emortuis.
1107 1508 1207 1542 Mori
1217 1519 1239 1542 a
1256 1506 1345 1541 nido
1360 1505 1542 1551 arborem,
1554 1505 1701 1541 incolae
1711 1516 1884 1542 asserunt.

344 1580 406 1614 An
425 1577 577 1614 Frischii
596 1578 762 1625 IlIngns
786 1585 1004 1611 strumosus
1026 1572 1098 1609 tab.
1123 1572 1231 1608 188.?

346 1644 514 1693 SpecieS,
533 1655 644 1692 quam
657 1643 728 1677 Ao.
747 1652 846 1689 1779.
867 1640 941 1675 fine
957 1638 1092 1687 Aprilis
1107 1637 1201 1683 vidi,
1216 1642 1255 1672 in
1275 1641 1394 1685 capite
1415 1646 1452 1671 et
1469 1641 1657 1684 superiore
1678 1645 1782 1684 parte
1797 1636 1887 1672 colli

272 1702 394 1752 plures
414 1713 553 1749 pennas
572 1700 763 1748 elongatas
782 1698 903 1743 albas,
923 1696 1025 1732 laxas
1043 1705 1079 1731 et
1098 1707 1177 1730 non
1193 1699 1247 1730 uti
1267 1703 1409 1729 ceterae
1424 1693 1626 1742 applicatas
1648 1692 1787 1728 habuit.
1809 1696 1887 1728 Cir-

274 1758 514 1794 cumferentia
540 1757 633 1793 basis
657 1761 763 1792 rostri
790 1754 895 1800 alba,
927 1764 1073 1802 pennae
1092 1763 1239 1788 aeneae.
1276 1752 1450 1786 Rostrum
1476 1749 1621 1797 longius
1653 1750 1744 1784 mihi
1772 1755 1888 1785 visum

275 1828 386 1865 quam
406 1820 444 1850 in
462 1826 567 1860 meo,
595 1815 696 1861 cujus
727 1823 853 1848 tamen
880 1811 1059 1848 volumen
1085 1810 1224 1844 fortius.
1239 1802 1496 1844 ‘Mandibulae
1523 1812 1624 1856 quasi
1651 1819 1888 1855 squamosam,

276 1872 379 1921 quod
392 1878 514 1920 potius
528 1885 548 1907 a
563 1871 690 1907 colore
710 1875 897 1920 provenit,
917 1878 952 1903 et
972 1879 1095 1903 revera
1113 1877 1286 1914 squamae
1299 1878 1378 1900 non
1392 1865 1535 1900 adsunt.
1563 1866 1604 1898 In
1619 1863 1771 1899 dimidia
1785 1877 1890 1899 man-

277 1928 403 1965 dibula
430 1934 614 1978 superiore
642 1934 749 1964 series
768 1928 898 1962 harum
925 1936 1160 1974 squamarum
1179 1936 1287 1972 supra
1315 1922 1453 1958 lineam
1479 1933 1498 1957 e
1523 1920 1670 1956 naribus
1692 1931 1891 1957 exeuntem

277 1996 314 2021 et
333 1985 447 2021 altera
467 1985 559 2020 infra
578 1985 682 2021 illam
702 1985 841 2020 lineam
860 1991 922 2018 est.

351 2053 435 2086 Huc
455 2051 547 2086 forte
569 2061 709 2100 spectat
730 2079 738 2097 ,
763 2059 826 2086 aut
845 2048 980 2091 saltem
1004 2047 1110 2094 hujus
1134 2051 1275 2094 generis
1299 2058 1375 2081 esse
1403 2044 1566 2089 videtur,
1593 2055 1704 2092 quam
1723 2042 1892 2078 Plutum

278 2118 502 2145 vocaverunt
520 2113 614 2154 avis,
639 2108 688 2143 ob
707 2106 935 2156 nigredinem
947 2134 956 2152 ,
976 2115 1013 2142 et
1032 2116 1145 2154 quam
1164 2103 1336 2140 describit
1355 2103 1516 2151 Legum:
1533 2102 1570 2138 V
1570 2113 1699 2149 oyczge
1713 2109 1753 2137 ec
1765 2114 1891 2137 aven-

280 2174 384 2202 cures
406 2167 461 2201 II.
483 2179 521 2213 p.
538 2166 592 2208 45.
607 2165 662 2208 46.
