<?xml version="1.0" encoding="UTF-8"?>
<!DOCTYPE html PUBLIC "-//W3C//DTD XHTML 1.0 Transitional//EN"
    "http://www.w3.org/TR/xhtml1/DTD/xhtml1-transitional.dtd">
<html xmlns="http://www.w3.org/1999/xhtml" xml:lang="en" lang="en">
 <head>
  <title>
</title>
<meta http-equiv="Content-Type" content="text/html;charset=utf-8" />
  <meta name='ocr-system' content='tesseract 3.04.00' />
  <meta name='ocr-capabilities' content='ocr_page ocr_carea ocr_par ocr_line ocrx_word'/>
</head>
<body>
  <div class='ocr_page' id='page_1' title='image "./observationeszoo00herm_0017.png"; bbox 0 0 2054 2748; ppageno 0'>
   <div class='ocr_carea' id='block_1_1' title="bbox 203 398 1717 518">
    <p class='ocr_par' dir='ltr' id='par_1_1' title="bbox 203 398 1717 518">
     <span class='ocr_line' id='line_1_1' title="bbox 203 398 1717 518; baseline -0.003 -1"><span class='ocrx_word' id='word_1_1' title='bbox 203 443 1011 518; x_wconf 82' lang='lat' dir='ltr'><strong>OBSERVATIONES</strong></span> <span class='ocrx_word' id='word_1_2' title='bbox 1059 398 1717 518; x_wconf 72' lang='lat' dir='ltr'><strong>zooLOGICAE,</strong></span> 
     </span>
    </p>
   </div>
   <div class='ocr_carea' id='block_1_2' title="bbox 669 618 1248 635">
    <p class='ocr_par' dir='ltr' id='par_1_2' title="bbox 669 618 1248 635">
     <span class='ocr_line' id='line_1_2' title="bbox 669 618 1248 635; baseline -0.002 -1"><span class='ocrx_word' id='word_1_3' title='bbox 669 618 1248 635; x_wconf 41' lang='lat' dir='ltr'><strong>mmssssssssssmsssswxffsswussuss</strong></span> 
     </span>
    </p>
   </div>
   <div class='ocr_carea' id='block_1_3' title="bbox 506 786 1409 843">
    <p class='ocr_par' dir='ltr' id='par_1_3' title="bbox 506 786 1409 843">
     <span class='ocr_line' id='line_1_3' title="bbox 506 786 1409 843; baseline 0 -2"><span class='ocrx_word' id='word_1_4' title='bbox 506 787 559 841; x_wconf 89' lang='grc' dir='ltr'><strong>Ι.</strong></span> <span class='ocrx_word' id='word_1_5' title='bbox 642 786 1409 843; x_wconf 85' lang='lat' dir='ltr'><strong>MAMMALIA.</strong></span> 
     </span>
    </p>
   </div>
   <div class='ocr_carea' id='block_1_4' title="bbox 388 1041 1527 1088">
    <p class='ocr_par' dir='ltr' id='par_1_4' title="bbox 388 1041 1527 1088">
     <span class='ocr_line' id='line_1_4' title="bbox 388 1041 1527 1088; baseline 0 -4"><span class='ocrx_word' id='word_1_6' title='bbox 388 1041 639 1086; x_wconf 85' lang='lat' dir='ltr'>SIMIA</span> <span class='ocrx_word' id='word_1_7' title='bbox 697 1043 1308 1088; x_wconf 87' lang='lat' dir='ltr'><strong>ENGYTITTHIA.</strong></span> <span class='ocrx_word' id='word_1_8' title='bbox 1365 1043 1527 1088; x_wconf 82' lang='lat' dir='ltr'><strong>Nobis.</strong></span> 
     </span>
    </p>
   </div>
   <div class='ocr_carea' id='block_1_5' title="bbox 640 1143 1282 1191">
    <p class='ocr_par' dir='ltr' id='par_1_5' title="bbox 640 1143 1282 1191">
     <span class='ocr_line' id='line_1_5' title="bbox 640 1143 1282 1191; baseline 0 -13"><span class='ocrx_word' id='word_1_9' title='bbox 640 1143 689 1191; x_wconf 81' lang='lat' dir='ltr'><strong>(i.</strong></span> <span class='ocrx_word' id='word_1_10' title='bbox 711 1155 740 1178; x_wconf 88' lang='lat' dir='ltr'><strong>e.</strong></span> <span class='ocrx_word' id='word_1_11' title='bbox 760 1156 937 1179; x_wconf 80' lang='lat' dir='ltr'><strong>mammas</strong></span> <span class='ocrx_word' id='word_1_12' title='bbox 952 1149 1086 1181; x_wconf 84' lang='lat' dir='ltr'><strong>vicinas</strong></span> <span class='ocrx_word' id='word_1_13' title='bbox 1105 1143 1282 1190; x_wconf 80' lang='lat' dir='ltr'><strong>habens.)</strong></span> 
     </span>
    </p>
   </div>
   <div class='ocr_carea' id='block_1_6' title="bbox 158 1228 1762 1336">
    <p class='ocr_par' dir='ltr' id='par_1_6' title="bbox 158 1228 1762 1336">
     <span class='ocr_line' id='line_1_6' title="bbox 158 1228 1762 1280; baseline -0.001 -14"><span class='ocrx_word' id='word_1_14' title='bbox 158 1231 342 1268; x_wconf 74' lang='lat' dir='ltr'><em>candaca</em></span> <span class='ocrx_word' id='word_1_15' title='bbox 353 1259 366 1276; x_wconf 88' lang='lat'><em>,</em></span> <span class='ocrx_word' id='word_1_16' title='bbox 387 1235 520 1280; x_wconf 76' lang='lat' dir='ltr'><strong>grisea</strong></span> <span class='ocrx_word' id='word_1_17' title='bbox 537 1237 735 1270; x_wconf 72' lang='lat' dir='ltr'><strong>virescens</strong></span> <span class='ocrx_word' id='word_1_18' title='bbox 750 1264 760 1277; x_wconf 88' lang='lat'><em>,</em></span> <span class='ocrx_word' id='word_1_19' title='bbox 781 1235 945 1271; x_wconf 74' lang='lat' dir='ltr'><strong>arcubus</strong></span> <span class='ocrx_word' id='word_1_20' title='bbox 964 1235 1299 1270; x_wconf 70' lang='lat' dir='ltr'><strong>einemscencibus</strong></span> <span class='ocrx_word' id='word_1_21' title='bbox 1311 1261 1323 1276; x_wconf 81' lang='lat'><em>,</em></span> <span class='ocrx_word' id='word_1_22' title='bbox 1335 1235 1452 1280; x_wconf 81' lang='lat' dir='ltr'><strong>facie</strong></span> <span class='ocrx_word' id='word_1_23' title='bbox 1472 1233 1588 1278; x_wconf 78' lang='lat' dir='ltr'><strong>nigra</strong></span> <span class='ocrx_word' id='word_1_24' title='bbox 1599 1257 1611 1273; x_wconf 76' lang='lat'><em>,</em></span> <span class='ocrx_word' id='word_1_25' title='bbox 1618 1228 1762 1277; x_wconf 81' lang='lat' dir='ltr'><strong>fascia</strong></span> 
     </span>
     <span class='ocr_line' id='line_1_7' title="bbox 395 1288 1501 1336; baseline -0.004 -12"><span class='ocrx_word' id='word_1_26' title='bbox 395 1290 572 1336; x_wconf 73' lang='lat' dir='ltr'><strong>froncalc&#39;</strong></span> <span class='ocrx_word' id='word_1_27' title='bbox 597 1291 760 1332; x_wconf 73' lang='lat' dir='ltr'><strong>albida,</strong></span> <span class='ocrx_word' id='word_1_28' title='bbox 788 1294 1106 1325; x_wconf 73' lang='lat' dir='ltr'><em>circumcaesura</em></span> <span class='ocrx_word' id='word_1_29' title='bbox 1127 1291 1260 1336; x_wconf 79' lang='lat' dir='ltr'><strong>faciei</strong></span> <span class='ocrx_word' id='word_1_30' title='bbox 1286 1288 1501 1334; x_wconf 74' lang='lat' dir='ltr'><strong>szcbpiloscz.</strong></span> 
     </span>
    </p>
   </div>
   <div class='ocr_carea' id='block_1_7' title="bbox 152 1384 1760 1920">
    <p class='ocr_par' dir='ltr' id='par_1_7' title="bbox 152 1384 1760 1751">
     <span class='ocr_line' id='line_1_8' title="bbox 155 1384 1760 1466; baseline 0 -10"><span class='ocrx_word' id='word_1_31' title='bbox 155 1384 464 1463; x_wconf 74' lang='lat' dir='ltr'><strong>MAJUSCULA,</strong></span> <span class='ocrx_word' id='word_1_32' title='bbox 491 1417 560 1453; x_wconf 78' lang='lat' dir='ltr'><strong>fele</strong></span> <span class='ocrx_word' id='word_1_33' title='bbox 587 1418 711 1454; x_wconf 84' lang='lat' dir='ltr'><strong>adulta</strong></span> <span class='ocrx_word' id='word_1_34' title='bbox 733 1419 860 1464; x_wconf 80' lang='lat' dir='ltr'><strong>major.</strong></span> <span class='ocrx_word' id='word_1_35' title='bbox 897 1417 1032 1453; x_wconf 79' lang='lat' dir='ltr'><strong>subtus</strong></span> <span class='ocrx_word' id='word_1_36' title='bbox 1059 1417 1171 1453; x_wconf 85' lang='lat' dir='ltr'><strong>dense</strong></span> <span class='ocrx_word' id='word_1_37' title='bbox 1194 1418 1333 1466; x_wconf 78' lang='lat' dir='ltr'><strong>pilosa,</strong></span> <span class='ocrx_word' id='word_1_38' title='bbox 1360 1417 1460 1452; x_wconf 85' lang='lat' dir='ltr'><strong>eollo</strong></span> <span class='ocrx_word' id='word_1_39' title='bbox 1480 1422 1654 1466; x_wconf 77' lang='lat' dir='ltr'>genisque</span> <span class='ocrx_word' id='word_1_40' title='bbox 1676 1420 1760 1456; x_wconf 88' lang='lat' dir='ltr'><strong>sub-</strong></span> 
     </span>
     <span class='ocr_line' id='line_1_9' title="bbox 153 1474 1760 1524; baseline 0.001 -13"><span class='ocrx_word' id='word_1_41' title='bbox 153 1474 412 1512; x_wconf 80' lang='lat' dir='ltr'><strong>flavicantibus.</strong></span> <span class='ocrx_word' id='word_1_42' title='bbox 439 1474 509 1509; x_wconf 86' lang='lat' dir='ltr'><strong>Pili</strong></span> <span class='ocrx_word' id='word_1_43' title='bbox 529 1475 712 1522; x_wconf 77' lang='lat' dir='ltr'>longiores</span> <span class='ocrx_word' id='word_1_44' title='bbox 741 1481 853 1510; x_wconf 85' lang='lat' dir='ltr'><strong>erecti</strong></span> <span class='ocrx_word' id='word_1_45' title='bbox 875 1487 1000 1509; x_wconf 81' lang='lat' dir='ltr'><strong>arcum</strong></span> <span class='ocrx_word' id='word_1_46' title='bbox 1027 1480 1065 1509; x_wconf 87' lang='lat' dir='ltr'><strong>in</strong></span> <span class='ocrx_word' id='word_1_47' title='bbox 1091 1474 1211 1509; x_wconf 85' lang='lat' dir='ltr'><strong>fronte</strong></span> <span class='ocrx_word' id='word_1_48' title='bbox 1240 1485 1276 1510; x_wconf 89' lang='lat' dir='ltr'><strong>et</strong></span> <span class='ocrx_word' id='word_1_49' title='bbox 1305 1480 1400 1510; x_wconf 86' lang='lat' dir='ltr'><strong>inter</strong></span> <span class='ocrx_word' id='word_1_50' title='bbox 1426 1475 1555 1509; x_wconf 86' lang='lat' dir='ltr'><strong>oculos</strong></span> <span class='ocrx_word' id='word_1_51' title='bbox 1582 1488 1760 1524; x_wconf 80' lang='lat' dir='ltr'><strong>auresque</strong></span> 
     </span>
     <span class='ocr_line' id='line_1_10' title="bbox 153 1531 1759 1580; baseline 0 -12"><span class='ocrx_word' id='word_1_52' title='bbox 153 1533 363 1568; x_wconf 77' lang='lat' dir='ltr'><strong>formantes,</strong></span> <span class='ocrx_word' id='word_1_53' title='bbox 390 1532 425 1566; x_wconf 97' lang='lat' dir='ltr'><strong>A</strong></span> <span class='ocrx_word' id='word_1_54' title='bbox 443 1538 591 1579; x_wconf 81' lang='lat' dir='ltr'><strong>regione</strong></span> <span class='ocrx_word' id='word_1_55' title='bbox 619 1538 845 1580; x_wconf 82' lang='lat' dir='ltr'><strong>zygomatica</strong></span> <span class='ocrx_word' id='word_1_56' title='bbox 870 1542 992 1567; x_wconf 81' lang='lat' dir='ltr'><strong>sutura</strong></span> <span class='ocrx_word' id='word_1_57' title='bbox 1015 1531 1175 1580; x_wconf 87' lang='lat' dir='ltr'><strong>pilorum</strong></span> <span class='ocrx_word' id='word_1_58' title='bbox 1197 1531 1265 1566; x_wconf 84' lang='lat' dir='ltr'><strong>sibi</strong></span> <span class='ocrx_word' id='word_1_59' title='bbox 1287 1537 1559 1567; x_wconf 83' lang='lat' dir='ltr'><strong>occurrentium</strong></span> <span class='ocrx_word' id='word_1_60' title='bbox 1578 1544 1692 1580; x_wconf 86' lang='lat' dir='ltr'><strong>usque</strong></span> <span class='ocrx_word' id='word_1_61' title='bbox 1711 1534 1759 1568; x_wconf 85' lang='lat' dir='ltr'><strong>ad</strong></span> 
     </span>
     <span class='ocr_line' id='line_1_11' title="bbox 153 1588 1758 1637; baseline -0.001 -12"><span class='ocrx_word' id='word_1_62' title='bbox 153 1595 342 1637; x_wconf 80' lang='lat' dir='ltr'>regionem</span> <span class='ocrx_word' id='word_1_63' title='bbox 359 1588 426 1623; x_wconf 87' lang='lat' dir='ltr'><strong>sub</strong></span> <span class='ocrx_word' id='word_1_64' title='bbox 445 1588 589 1623; x_wconf 80' lang='lat' dir='ltr'><strong>auribus</strong></span> <span class='ocrx_word' id='word_1_65' title='bbox 605 1589 794 1636; x_wconf 82' lang='lat' dir='ltr'><strong>producta.</strong></span> <span class='ocrx_word' id='word_1_66' title='bbox 830 1589 974 1624; x_wconf 79' lang='lat' dir='ltr'><strong>Dentes</strong></span> <span class='ocrx_word' id='word_1_67' title='bbox 997 1594 1120 1623; x_wconf 86' lang='lat' dir='ltr'><strong>canini</strong></span> <span class='ocrx_word' id='word_1_68' title='bbox 1140 1588 1263 1636; x_wconf 79' lang='lat' dir='ltr'><strong>longi,</strong></span> <span class='ocrx_word' id='word_1_69' title='bbox 1287 1588 1407 1624; x_wconf 80' lang='lat' dir='ltr'><strong>validi.</strong></span> <span class='ocrx_word' id='word_1_70' title='bbox 1435 1589 1624 1637; x_wconf 81' lang='lat' dir='ltr'><em>Papillae</em></span> <span class='ocrx_word' id='word_1_71' title='bbox 1643 1601 1758 1624; x_wconf 77' lang='lat' dir='ltr'><strong>mani-</strong></span> 
     </span>
     <span class='ocr_line' id='line_1_12' title="bbox 152 1645 1756 1693; baseline 0.001 -13"><span class='ocrx_word' id='word_1_72' title='bbox 152 1658 295 1680; x_wconf 83' lang='lat' dir='ltr'><strong>marum</strong></span> <span class='ocrx_word' id='word_1_73' title='bbox 316 1645 408 1680; x_wconf 85' lang='lat' dir='ltr'><strong>adeo</strong></span> <span class='ocrx_word' id='word_1_74' title='bbox 435 1651 682 1693; x_wconf 79' lang='lat' dir='ltr'><strong>propinquae,</strong></span> <span class='ocrx_word' id='word_1_75' title='bbox 712 1656 752 1681; x_wconf 87' lang='lat' dir='ltr'><strong>ut</strong></span> <span class='ocrx_word' id='word_1_76' title='bbox 774 1645 1012 1693; x_wconf 76' lang='lat' dir='ltr'><strong>intercapedo</strong></span> <span class='ocrx_word' id='word_1_77' title='bbox 1042 1650 1101 1680; x_wconf 81' lang='lat' dir='ltr'><strong>vix</strong></span> <span class='ocrx_word' id='word_1_78' title='bbox 1130 1654 1372 1680; x_wconf 79' lang='lat' dir='ltr'><strong>transversum</strong></span> <span class='ocrx_word' id='word_1_79' title='bbox 1396 1645 1550 1693; x_wconf 79' lang='lat' dir='ltr'>digitum</span> <span class='ocrx_word' id='word_1_80' title='bbox 1577 1645 1756 1682; x_wconf 77' lang='lat' dir='ltr'><strong>admittat.</strong></span> 
     </span>
     <span class='ocr_line' id='line_1_13' title="bbox 153 1701 1715 1751; baseline -0.001 -13"><span class='ocrx_word' id='word_1_81' title='bbox 153 1704 269 1750; x_wconf 81' lang='lat' dir='ltr'><strong>Regio</strong></span> <span class='ocrx_word' id='word_1_82' title='bbox 291 1702 393 1737; x_wconf 83' lang='lat' dir='ltr'>calva</span> <span class='ocrx_word' id='word_1_83' title='bbox 412 1708 551 1737; x_wconf 87' lang='lat' dir='ltr'><strong>natium</strong></span> <span class='ocrx_word' id='word_1_84' title='bbox 572 1702 740 1737; x_wconf 80' lang='lat' dir='ltr'><strong>diametri</strong></span> <span class='ocrx_word' id='word_1_85' title='bbox 762 1701 957 1749; x_wconf 81' lang='lat' dir='ltr'><strong>pollicaris.</strong></span> <span class='ocrx_word' id='word_1_86' title='bbox 986 1702 1217 1736; x_wconf 85' lang='lat' dir='ltr'><strong>Menstruum</strong></span> <span class='ocrx_word' id='word_1_87' title='bbox 1238 1701 1377 1736; x_wconf 71' lang='lat' dir='ltr'><strong>flumun</strong></span> <span class='ocrx_word' id='word_1_88' title='bbox 1396 1715 1588 1750; x_wconf 79' lang='lat' dir='ltr'><strong>nunquam</strong></span> <span class='ocrx_word' id='word_1_89' title='bbox 1602 1715 1715 1751; x_wconf 71' lang='lat' dir='ltr'><strong>passa.</strong></span> 
     </span>
    </p>

    <p class='ocr_par' dir='ltr' id='par_1_8' title="bbox 153 1758 1757 1920">
     <span class='ocr_line' id='line_1_14' title="bbox 227 1758 1757 1805; baseline 0.001 -13"><span class='ocrx_word' id='word_1_90' title='bbox 227 1758 339 1792; x_wconf 79' lang='lat' dir='ltr'><strong>Simia</strong></span> <span class='ocrx_word' id='word_1_91' title='bbox 369 1758 460 1792; x_wconf 76' lang='lat' dir='ltr'><strong>haec</strong></span> <span class='ocrx_word' id='word_1_92' title='bbox 484 1758 635 1793; x_wconf 77' lang='lat' dir='ltr'><strong>similior</strong></span> <span class='ocrx_word' id='word_1_93' title='bbox 664 1759 699 1793; x_wconf 90' lang='lat' dir='ltr'><strong>S.</strong></span> <span class='ocrx_word' id='word_1_94' title='bbox 723 1758 922 1803; x_wconf 82' lang='lat' dir='ltr'><strong>Roloway,</strong></span> <span class='ocrx_word' id='word_1_95' title='bbox 942 1758 1058 1792; x_wconf 75' lang='lat' dir='ltr'><strong>Limz.</strong></span> <span class='ocrx_word' id='word_1_96' title='bbox 1083 1770 1193 1805; x_wconf 83' lang='lat' dir='ltr'><strong>quarn</strong></span> <span class='ocrx_word' id='word_1_97' title='bbox 1216 1758 1283 1793; x_wconf 77' lang='lat' dir='ltr'><strong>ulli</strong></span> <span class='ocrx_word' id='word_1_98' title='bbox 1306 1758 1419 1804; x_wconf 80' lang='lat' dir='ltr'><strong>aliae,</strong></span> <span class='ocrx_word' id='word_1_99' title='bbox 1446 1759 1511 1794; x_wconf 80' lang='lat' dir='ltr'><strong>sed</strong></span> <span class='ocrx_word' id='word_1_100' title='bbox 1540 1765 1615 1793; x_wconf 82' lang='lat' dir='ltr'><strong>sine</strong></span> <span class='ocrx_word' id='word_1_101' title='bbox 1636 1758 1757 1795; x_wconf 76' lang='lat' dir='ltr'><strong>barba.</strong></span> 
     </span>
     <span class='ocr_line' id='line_1_15' title="bbox 153 1814 1757 1862; baseline 0 -12"><span class='ocrx_word' id='word_1_102' title='bbox 153 1817 278 1850; x_wconf 78' lang='lat' dir='ltr'><strong>Facies</strong></span> <span class='ocrx_word' id='word_1_103' title='bbox 299 1820 473 1862; x_wconf 85' lang='lat' dir='ltr'><strong>triquetra</strong></span> <span class='ocrx_word' id='word_1_104' title='bbox 498 1824 534 1849; x_wconf 89' lang='lat' dir='ltr'><strong>et</strong></span> <span class='ocrx_word' id='word_1_105' title='bbox 553 1820 654 1862; x_wconf 78' lang='lat' dir='ltr'><strong>nigra</strong></span> <span class='ocrx_word' id='word_1_106' title='bbox 682 1821 734 1849; x_wconf 89' lang='lat' dir='ltr'><strong>uti</strong></span> <span class='ocrx_word' id='word_1_107' title='bbox 760 1820 796 1848; x_wconf 93' lang='lat' dir='ltr'><strong>in</strong></span> <span class='ocrx_word' id='word_1_108' title='bbox 827 1814 910 1860; x_wconf 80' lang='lat' dir='ltr'><strong>illa,</strong></span> <span class='ocrx_word' id='word_1_109' title='bbox 936 1814 999 1848; x_wconf 87' lang='lat' dir='ltr'><strong>sed</strong></span> <span class='ocrx_word' id='word_1_110' title='bbox 1029 1814 1164 1862; x_wconf 82' lang='lat' dir='ltr'><strong>absque</strong></span> <span class='ocrx_word' id='word_1_111' title='bbox 1189 1815 1329 1850; x_wconf 85' lang='lat' dir='ltr'><strong>ambitu</strong></span> <span class='ocrx_word' id='word_1_112' title='bbox 1353 1816 1459 1861; x_wconf 79' lang='lat' dir='ltr'>alb03</span> <span class='ocrx_word' id='word_1_113' title='bbox 1486 1816 1594 1852; x_wconf 74' lang='lat' dir='ltr'><strong>facies</strong></span> <span class='ocrx_word' id='word_1_114' title='bbox 1614 1816 1698 1853; x_wconf 78' lang='lat' dir='ltr'>alba</span> <span class='ocrx_word' id='word_1_115' title='bbox 1718 1822 1757 1852; x_wconf 87' lang='lat' dir='ltr'><strong>in</strong></span> 
     </span>
     <span class='ocr_line' id='line_1_16' title="bbox 154 1871 1366 1920; baseline 0.002 -14"><span class='ocrx_word' id='word_1_116' title='bbox 154 1872 285 1907; x_wconf 80' lang='lat' dir='ltr'><strong>fronte.</strong></span> <span class='ocrx_word' id='word_1_117' title='bbox 313 1871 384 1906; x_wconf 90' lang='lat' dir='ltr'><strong>Pili</strong></span> <span class='ocrx_word' id='word_1_118' title='bbox 405 1871 559 1907; x_wconf 78' lang='lat' dir='ltr'><strong>collares</strong></span> <span class='ocrx_word' id='word_1_119' title='bbox 581 1871 856 1907; x_wconf 79' lang='lat' dir='ltr'><strong>subflavicantes</strong></span> <span class='ocrx_word' id='word_1_120' title='bbox 869 1899 878 1916; x_wconf 90' lang='lat'>,</span> <span class='ocrx_word' id='word_1_121' title='bbox 905 1871 1086 1908; x_wconf 82' lang='lat' dir='ltr'><strong>ventrales</strong></span> <span class='ocrx_word' id='word_1_122' title='bbox 1105 1877 1366 1920; x_wconf 79' lang='lat' dir='ltr'><strong>cinereogrisei,</strong></span> 
     </span>
    </p>
   </div>
   <div class='ocr_carea' id='block_1_8' title="bbox 226 1928 670 1975">
    <p class='ocr_par' dir='ltr' id='par_1_9' title="bbox 226 1928 670 1975">
     <span class='ocr_line' id='line_1_17' title="bbox 226 1928 670 1975; baseline 0.002 -13"><span class='ocrx_word' id='word_1_123' title='bbox 226 1928 445 1975; x_wconf 74' lang='lat' dir='ltr'><strong>Nlagnitudo</strong></span> <span class='ocrx_word' id='word_1_124' title='bbox 467 1928 501 1963; x_wconf 89' lang='lat' dir='ltr'><strong>S.</strong></span> <span class='ocrx_word' id='word_1_125' title='bbox 523 1929 670 1963; x_wconf 84' lang='lat' dir='ltr'><strong>Monae.</strong></span> 
     </span>
    </p>
   </div>
   <div class='ocr_carea' id='block_1_9' title="bbox 152 2005 346 2010">
    <p class='ocr_par' dir='ltr' id='par_1_10' title="bbox 152 2005 346 2010">
     <span class='ocr_line' id='line_1_18' title="bbox 152 2005 346 2010; baseline 0 0"><span class='ocrx_word' id='word_1_126' title='bbox 152 2005 346 2010; x_wconf 95' lang='lat' dir='ltr'><strong> </strong></span> 
     </span>
    </p>
   </div>
   <div class='ocr_carea' id='block_1_10' title="bbox 154 2039 1754 2273">
    <p class='ocr_par' dir='ltr' id='par_1_11' title="bbox 154 2039 1754 2128">
     <span class='ocr_line' id='line_1_19' title="bbox 213 2039 1754 2081; baseline 0.001 -15"><span class='ocrx_word' id='word_1_127' title='bbox 213 2039 378 2078; x_wconf 77' lang='lat' dir='ltr'><strong>Laforgne</strong></span> <span class='ocrx_word' id='word_1_128' title='bbox 406 2039 574 2079; x_wconf 87' lang='lat' dir='ltr'><strong>chirurgus</strong></span> <span class='ocrx_word' id='word_1_129' title='bbox 596 2040 820 2080; x_wconf 80' lang='lat' dir='ltr'><strong>odontalgicus</strong></span> <span class='ocrx_word' id='word_1_130' title='bbox 841 2040 921 2069; x_wconf 83' lang='lat' dir='ltr'><strong>aluit</strong></span> <span class='ocrx_word' id='word_1_131' title='bbox 949 2050 1048 2080; x_wconf 78' lang='lat' dir='ltr'><strong>usque</strong></span> <span class='ocrx_word' id='word_1_132' title='bbox 1070 2041 1110 2070; x_wconf 80' lang='lat' dir='ltr'><strong>ad</strong></span> <span class='ocrx_word' id='word_1_133' title='bbox 1130 2052 1248 2070; x_wconf 80' lang='lat' dir='ltr'><strong>annum</strong></span> <span class='ocrx_word' id='word_1_134' title='bbox 1268 2042 1350 2081; x_wconf 81' lang='lat'>1798.</span> <span class='ocrx_word' id='word_1_135' title='bbox 1376 2042 1462 2071; x_wconf 79' lang='lat' dir='ltr'><strong>unde</strong></span> <span class='ocrx_word' id='word_1_136' title='bbox 1481 2042 1604 2081; x_wconf 82' lang='lat' dir='ltr'><strong>accepi.</strong></span> <span class='ocrx_word' id='word_1_137' title='bbox 1627 2041 1684 2071; x_wconf 76' lang='lat' dir='ltr'><strong>lile</strong></span> <span class='ocrx_word' id='word_1_138' title='bbox 1708 2049 1754 2069; x_wconf 89' lang='lat' dir='ltr'><strong>se-</strong></span> 
     </span>
     <span class='ocr_line' id='line_1_20' title="bbox 154 2086 1265 2128; baseline 0.004 -14"><span class='ocrx_word' id='word_1_139' title='bbox 154 2086 283 2125; x_wconf 84' lang='lat' dir='ltr'><strong>quentia</strong></span> <span class='ocrx_word' id='word_1_140' title='bbox 308 2087 346 2115; x_wconf 85' lang='lat' dir='ltr'><strong>de</strong></span> <span class='ocrx_word' id='word_1_141' title='bbox 370 2088 432 2115; x_wconf 86' lang='lat' dir='ltr'><strong>hoc</strong></span> <span class='ocrx_word' id='word_1_142' title='bbox 451 2088 584 2116; x_wconf 79' lang='lat' dir='ltr'><strong>animali</strong></span> <span class='ocrx_word' id='word_1_143' title='bbox 611 2090 741 2128; x_wconf 86' lang='lat' dir='ltr'><strong>ejusque</strong></span> <span class='ocrx_word' id='word_1_144' title='bbox 761 2096 862 2118; x_wconf 87' lang='lat' dir='ltr'><strong>morte</strong></span> <span class='ocrx_word' id='word_1_145' title='bbox 887 2088 966 2118; x_wconf 84' lang='lat' dir='ltr'><strong>mihi</strong></span> <span class='ocrx_word' id='word_1_146' title='bbox 987 2090 1265 2119; x_wconf 77' lang='lat' dir='ltr'><strong>communicavit:</strong></span> 
     </span>
    </p>

    <p class='ocr_par' dir='ltr' id='par_1_12' title="bbox 156 2134 1754 2273">
     <span class='ocr_line' id='line_1_21' title="bbox 214 2134 1754 2176; baseline 0.003 -14"><span class='ocrx_word' id='word_1_147' title='bbox 214 2134 240 2163; x_wconf 93' lang='lat' dir='ltr'><strong>Il</strong></span> <span class='ocrx_word' id='word_1_148' title='bbox 266 2134 378 2163; x_wconf 79' lang='lat' dir='ltr'><strong>n&#39;e&#39;tait</strong></span> <span class='ocrx_word' id='word_1_149' title='bbox 397 2146 453 2174; x_wconf 79' lang='lat' dir='ltr'><strong>pas</strong></span> <span class='ocrx_word' id='word_1_150' title='bbox 477 2137 644 2173; x_wconf 69' lang='lat' dir='ltr'><strong>mediant,</strong></span> <span class='ocrx_word' id='word_1_151' title='bbox 667 2134 685 2166; x_wconf 70' lang='grc' dir='ltr'>ὲ</span> <span class='ocrx_word' id='word_1_152' title='bbox 708 2137 813 2166; x_wconf 86' lang='lat' dir='ltr'><strong>moins</strong></span> <span class='ocrx_word' id='word_1_153' title='bbox 837 2138 933 2176; x_wconf 87' lang='lat' dir='ltr'><strong>qu&#39;on</strong></span> <span class='ocrx_word' id='word_1_154' title='bbox 952 2147 991 2166; x_wconf 88' lang='lat' dir='ltr'><strong>ne</strong></span> <span class='ocrx_word' id='word_1_155' title='bbox 1018 2137 1046 2165; x_wconf 82' lang='lat' dir='ltr'><strong>le</strong></span> <span class='ocrx_word' id='word_1_156' title='bbox 1073 2138 1255 2167; x_wconf 65' lang='lat' dir='ltr'><strong>contrariAt.</strong></span> <span class='ocrx_word' id='word_1_157' title='bbox 1280 2139 1306 2168; x_wconf 90' lang='lat' dir='ltr'><strong>Il</strong></span> <span class='ocrx_word' id='word_1_158' title='bbox 1329 2138 1407 2168; x_wconf 70' lang='lat' dir='ltr'><strong>etait</strong></span> <span class='ocrx_word' id='word_1_159' title='bbox 1425 2140 1566 2176; x_wconf 87' lang='lat' dir='ltr'><strong>toujours</strong></span> <span class='ocrx_word' id='word_1_160' title='bbox 1587 2136 1655 2176; x_wconf 81' lang='lat' dir='ltr'><strong>gai;</strong></span> <span class='ocrx_word' id='word_1_161' title='bbox 1677 2136 1754 2166; x_wconf 69' lang='lat' dir='ltr'><strong>tres-</strong></span> 
     </span>
     <span class='ocr_line' id='line_1_22' title="bbox 156 2181 1753 2226; baseline 0.003 -17"><span class='ocrx_word' id='word_1_162' title='bbox 156 2181 295 2211; x_wconf 80' lang='lat' dir='ltr'><strong>confiant</strong></span> <span class='ocrx_word' id='word_1_163' title='bbox 311 2193 422 2212; x_wconf 85' lang='lat' dir='ltr'><strong>envers</strong></span> <span class='ocrx_word' id='word_1_164' title='bbox 445 2184 489 2213; x_wconf 83' lang='lat' dir='ltr'><strong>les</strong></span> <span class='ocrx_word' id='word_1_165' title='bbox 504 2186 631 2221; x_wconf 83' lang='lat' dir='ltr'><strong>enfans,</strong></span> <span class='ocrx_word' id='word_1_166' title='bbox 655 2185 734 2214; x_wconf 84' lang='lat' dir='ltr'><strong>mais</strong></span> <span class='ocrx_word' id='word_1_167' title='bbox 758 2195 986 2225; x_wconf 63' lang='lat' dir='ltr'><strong>souptgonneux</strong></span> <span class='ocrx_word' id='word_1_168' title='bbox 1010 2195 1119 2215; x_wconf 75' lang='lat' dir='ltr'><strong>envers</strong></span> <span class='ocrx_word' id='word_1_169' title='bbox 1142 2187 1185 2216; x_wconf 84' lang='lat' dir='ltr'><strong>les</strong></span> <span class='ocrx_word' id='word_1_170' title='bbox 1203 2187 1337 2225; x_wconf 82' lang='lat' dir='ltr'><strong>grandes</strong></span> <span class='ocrx_word' id='word_1_171' title='bbox 1357 2197 1547 2226; x_wconf 85' lang='lat' dir='ltr'><strong>personnes‚</strong></span> <span class='ocrx_word' id='word_1_172' title='bbox 1567 2191 1691 2213; x_wconf 85' lang='lat' dir='ltr'><strong>surtout</strong></span> <span class='ocrx_word' id='word_1_173' title='bbox 1708 2184 1753 2214; x_wconf 88' lang='lat' dir='ltr'><strong>les</strong></span> 
     </span>
     <span class='ocr_line' id='line_1_23' title="bbox 156 2228 1753 2273; baseline 0.004 -18"><span class='ocrx_word' id='word_1_174' title='bbox 156 2228 306 2259; x_wconf 80' lang='lat' dir='ltr'><strong>hommes.</strong></span> <span class='ocrx_word' id='word_1_175' title='bbox 330 2232 488 2270; x_wconf 84' lang='lat' dir='ltr'><strong>Toujours</strong></span> <span class='ocrx_word' id='word_1_176' title='bbox 504 2233 626 2273; x_wconf 71' lang='lat' dir='ltr'><strong>occupe</strong></span> <span class='ocrx_word' id='word_1_177' title='bbox 641 2233 680 2263; x_wconf 83' lang='lat' dir='ltr'><strong>de</strong></span> <span class='ocrx_word' id='word_1_178' title='bbox 695 2243 730 2263; x_wconf 85' lang='lat' dir='ltr'><strong>ce</strong></span> <span class='ocrx_word' id='word_1_179' title='bbox 747 2232 803 2273; x_wconf 86' lang='lat' dir='ltr'><strong>qui</strong></span> <span class='ocrx_word' id='word_1_180' title='bbox 819 2244 850 2264; x_wconf 82' lang='lat' dir='ltr'><strong>se</strong></span> <span class='ocrx_word' id='word_1_181' title='bbox 864 2233 983 2273; x_wconf 80' lang='lat' dir='ltr'><strong>passait</strong></span> <span class='ocrx_word' id='word_1_182' title='bbox 999 2231 1015 2262; x_wconf 63' lang='lat'><strong>2¹1</strong></span> <span class='ocrx_word' id='word_1_183' title='bbox 1031 2233 1166 2265; x_wconf 77' lang='lat' dir='ltr'><strong>l&#39;entour</strong></span> <span class='ocrx_word' id='word_1_184' title='bbox 1186 2235 1304 2273; x_wconf 79' lang='lat' dir='ltr'><strong>delui,</strong></span> <span class='ocrx_word' id='word_1_185' title='bbox 1328 2235 1352 2264; x_wconf 87' lang='lat' dir='ltr'><strong>il</strong></span> <span class='ocrx_word' id='word_1_186' title='bbox 1365 2235 1480 2265; x_wconf 71' lang='lat' dir='ltr'><strong>n&#39;avait</strong></span> <span class='ocrx_word' id='word_1_187' title='bbox 1494 2244 1550 2272; x_wconf 77' lang='lat' dir='ltr'><strong>pas</strong></span> <span class='ocrx_word' id='word_1_188' title='bbox 1568 2243 1611 2262; x_wconf 87' lang='lat' dir='ltr'><strong>un</strong></span> <span class='ocrx_word' id='word_1_189' title='bbox 1632 2232 1753 2263; x_wconf 81' lang='lat' dir='ltr'><strong>instant</strong></span> 
     </span>
    </p>
   </div>
   <div class='ocr_carea' id='block_1_11' title="bbox 1502 2282 1534 2315">
    <p class='ocr_par' dir='ltr' id='par_1_13' title="bbox 1502 2282 1534 2315">
     <span class='ocr_line' id='line_1_24' title="bbox 1502 2282 1534 2315; baseline 0 0"><span class='ocrx_word' id='word_1_190' title='bbox 1502 2282 1534 2315; x_wconf 87' lang='lat' dir='ltr'><strong>A</strong></span> 
     </span>
    </p>
   </div>
  </div>
 </body>
</html>
