2054 2748
739 116 1189 144 AMPHIBIA.
1687 117 1771 169 247

163 198 332 248 capiebat
349 207 390 234 ut
407 210 515 247 saepe
535 197 649 233 altera
669 203 747 234 vice
765 203 900 233 irruere
921 212 1068 235 necesse
1092 199 1265 244 haberet,
1285 211 1406 249 neque
1427 213 1588 253 unquam
1610 207 1683 243 fere
1702 214 1770 244 nisi

162 267 203 291 ut
224 255 331 291 simul
352 265 388 291 et
403 265 518 290 terrae
538 254 678 303 aliquid
692 268 755 290 ore
775 261 981 304 corriperet.
1009 256 1199 305 Stupidior
1216 262 1307 294 visus
1325 269 1378 293 est
1398 261 1516 297 vultus
1528 291 1536 307 ,
1551 277 1665 312 quum
1681 265 1769 301 bulo

163 313 318 360 vulgaris
338 312 538 347 liberaliori
563 311 637 347 sere
656 318 710 347 sit.
738 311 984 348 Scorodosma
1005 315 1113 349 simul
1137 328 1178 350 ac
1203 325 1304 363 pasta
1324 326 1396 362 est,
1427 329 1464 351 se
1489 319 1683 358 abscondit
1703 322 1770 359 sub

164 381 277 415 terra,
298 382 412 418 quum
431 369 518 404 bufo
543 379 685 405 tantum
704 369 964 418 posterioribus
990 376 1028 404 in
1046 370 1189 406 foveam
1208 371 1371 420 aliquam
1393 385 1430 408 se
1452 373 1644 411 demittere
1663 388 1771 415 amet.

162 426 308 462 Ranula
323 426 386 462 illa
402 433 623 476 temporaria
641 426 750 463 simul
764 426 904 462 inclusa
926 426 961 463 d.
986 440 1036 462 12.
1052 427 1149 476 Sept.
1166 439 1310 464 mortua
1329 440 1480 478 reperta.
1507 432 1630 467 Pridie
1646 435 1771 472 adhuc

161 484 257 520 saltu
277 496 419 519 muscas
438 484 644 533 appetebat.

235 542 286 577 D.
310 542 365 576 23.
387 541 486 590 Sept.
509 553 618 576 mane
644 546 728 576 visa.
757 540 829 576 Sed
856 546 1040 590 impr-ansa
1060 554 1178 577 rursus
1207 541 1433 579 abscondita.
1461 545 1592 594 Neque
1616 547 1772 595 amplius

162 603 236 635 visa
252 610 367 646 usque
389 598 436 632 ad
457 611 511 632 20.
532 598 615 633 Oct.
649 611 763 646 quum
787 598 904 646 pridie
928 608 1060 633 terram
1085 599 1132 634 ad
1155 599 1304 648 phiolae
1331 600 1404 636 fere
1430 614 1547 650 aquae
1565 616 1775 641 mensuram

162 660 378 691 irrorassem.
407 656 505 688 Hinc
525 659 635 689 etiam
659 655 708 689 ob
723 661 926 691 siccitatem
946 656 1134 704 hucusque
1155 656 1340 692 delituisse
1361 659 1483 694 credo.
1512 660 1693 709 Apparuit
1719 667 1774 698 ni-

161 713 259 757 tida,
285 711 349 746 sed
369 711 582 747 distinctivis
604 712 790 747 coloribus
809 718 868 748 vix
883 719 1092 762 conspicua.
1114 715 1263 750 Voravit
1283 726 1441 764 quatuor
1456 722 1600 753 circiter
1620 731 1773 765 muscas,

160 769 254 805 duos
274 774 436 814 oniscos,
457 768 545 803 duas
565 768 679 804 larvas
699 769 831 805 carabi.
859 772 900 805 In
920 776 1130 819 portionem
1145 770 1315 807 lumbrici
1329 779 1430 808 irruit
1450 774 1599 822 quidem
1616 775 1690 822 bis,
1709 777 1774 812 sed

160 832 201 863 in
229 825 353 860 medio
379 831 433 860 sui
455 830 613 874 impetus
636 832 826 862 continere
852 840 889 862 se
912 834 984 863 visa
1008 837 1082 873 est,
1103 840 1172 863 nec
1196 834 1343 864 voravit.
1372 831 1540 865 Muscam
1561 838 1773 880 conspicata

161 883 210 918 ad
229 895 429 931 campanae
444 888 619 931 parietem
633 895 696 918 sex
711 883 891 932 pollicum
905 884 1100 920 altitudine
1112 885 1317 931 sedentem,
1331 887 1551 922 verticaliter
1564 888 1637 923 fere
1651 892 1773 925 'erecto

160 952 318 988 corpore
339 939 467 974 oculos
490 946 528 974 in
549 952 628 974 eam
651 940 738 975 fixit.
768 942 893 987 Quum
914 941 998 975 bufo
1018 942 1188 990 parvulus
1211 942 1402 987 assideret,
1426 954 1462 978 et
1485 944 1530 979 ad
1555 946 1775 993 capiendam

159 1008 324 1034 muscam
343 1001 381 1028 in
399 995 523 1029 medio
545 1002 732 1043 utriusque
752 996 895 1032 bufonis
914 1004 1024 1032 etiam
1044 998 1276 1046 aliquantum
1291 1009 1517 1047 moveretur,
1537 1002 1774 1039 scorodosma

158 1059 300 1101 impetu
321 1050 418 1086 facto
441 1057 479 1085 in
498 1050 608 1097 hujus
629 1052 799 1087 bufonuli
823 1064 933 1100 caput
957 1059 1070 1089 irruit.

233 1108 400 1143 Odorem
418 1106 615 1141 alliaceum
636 1120 826 1155 nunquam
847 1108 956 1156 plane
976 1108 1172 1145 observavi.

232 1164 283 1200 D.
302 1165 357 1199 25.
372 1164 454 1199 Oct.
474 1169 512 1198 in
528 1170 602 1198 imo
622 1163 748 1200 foveae
766 1170 804 1199 in
821 1178 893 1213 qua
912 1164 1019 1200 latuit
1034 1178 1074 1200 os
1091 1166 1166 1211 ejus
1182 1165 1317 1202 detexi.
1337 1168 1409 1203 Vas
1424 1177 1580 1204 terreum
1594 1169 1641 1205 ad
1661 1183 1775 1208 exun-

160 1223 327 1259 dantiam
348 1233 464 1269 usque
486 1234 581 1270 aqua
603 1221 764 1270 replevi,
789 1235 857 1257 nec
878 1223 1031 1259 evadere
1053 1229 1180 1258 annisa
1207 1234 1268 1260 est.
1654 1235 1657 1238 '

233 1280 285 1315 D.
304 1278 359 1314 26.
379 1279 461 1313 Oct.
482 1288 597 1313 noctu
617 1289 762 1327 praeter
780 1286 1080 1328 expectationem
1100 1293 1279 1329 egressam
1294 1282 1386 1327 vidi,
1406 1292 1441 1317 et
1461 1290 1580 1332 capite
1595 1284 1774 1323 declivem

160 1348 281 1372 versus
306 1334 490 1370 defossum
512 1341 552 1369 in
575 1346 669 1370 terra
697 1346 844 1372 antrum
872 1350 977 1371 suum
992 1365 1001 1383 ,
1027 1343 1128 1385 quasi
1148 1351 1186 1372 se
1209 1344 1246 1372 in
1269 1338 1362 1373 illud
1390 1346 1628 1388 praecipitare
1653 1343 1773 1380 vellet.

159 1392 274 1439 Quod
296 1397 445 1426 miratus
459 1403 559 1435 sum,
579 1403 695 1439 quum
713 1391 802 1426 alias
822 1393 1031 1439 retrograda
1054 1406 1091 1427 se
1112 1393 1325 1432 abscondat.
1354 1395 1426 1429 Sed
1446 1396 1558 1443 paulo
1573 1408 1655 1444 post
1669 1427 1676 1444 ,
1690 1412 1774 1448 post

158 1449 272 1485 horae
291 1448 365 1483 fere
385 1448 630 1496 quadrantem
653 1461 768 1496 quum
791 1448 966 1494 redirem,
989 1449 1088 1484 haud
1108 1449 1265 1498 amplius
1285 1456 1368 1486 visa.

233 1506 284 1541 D.
305 1519 337 1552 7.
355 1506 451 1540 Nov.
468 1505 526 1539 die
545 1504 652 1540 valde
672 1504 823 1552 frigido,
849 1518 963 1554 quum
988 1511 1099 1541 etiam
1123 1507 1239 1555 pridie
1261 1507 1439 1543 fenestrae
1461 1522 1527 1557 per
1547 1520 1663 1546 totam
1684 1525 1773 1548 noc-

159 1573 237 1600 tem
260 1571 406 1610 apertae
434 1561 607 1607 fuissent,
639 1568 726 1596 exiit
751 1575 796 1596 ex
820 1572 914 1597 terra
943 1572 979 1597 et
1001 1563 1117 1598 nitida
1137 1570 1314 1613 apparuit.
1341 1565 1573 1614 Singularem
1592 1574 1710 1603 nisum
1734 1576 1773 1605 in

159 1625 296 1669 pariete
312 1624 445 1654 vitreae
464 1631 665 1666 campanae
685 1619 936 1654 adscendendi
956 1620 1125 1656 ostendit.
1154 1621 1314 1657 Exhibui
1328 1628 1452 1671 itaque
1468 1624 1596 1659 rudem
1616 1626 1773 1662 assulam

161 1677 392 1725 aliquantum
414 1675 631 1710 inclinatam
653 1686 693 1711 ut
716 1686 839 1724 posset
858 1676 1067 1712 ascendere.
1095 1677 1169 1712 Sed
1188 1677 1288 1714 brevi
1312 1689 1479 1727 tempore
1502 1692 1586 1728 post
1601 1695 1677 1717 non
1693 1697 1771 1718 am-

160 1734 255 1782 plius
283 1737 366 1768 visa.
404 1733 535 1780 Neque
564 1738 674 1767 ctiam
700 1732 824 1768 cibum
851 1733 1025 1782 praebere
1051 1744 1266 1782 potueram,
1294 1741 1379 1784 quia
1403 1742 1540 1772 insecta
1567 1751 1645 1773 non
1671 1751 1772 1776 erant

161 1791 209 1827 ad
231 1802 371 1825 manus.

232 1848 282 1881 D.
302 1852 356 1888 24.
372 1847 466 1882 Nov.
485 1845 557 1881 alia
578 1846 743 1893 ejusdem
758 1852 891 1896 speciei
914 1847 1058 1893 addita,
1079 1860 1172 1896 quac
1194 1854 1319 1884 statim
1337 1861 1375 1884 se
1399 1849 1564 1897 defodit,
1588 1861 1629 1887 ut
1649 1862 1771 1889 tamen

161 1917 202 1940 os
222 1908 409 1938 emineret.

233 1963 287 1995 Ita
305 1959 451 1995 delituit
469 1969 623 2009 utraque
637 1973 753 2010 usque
773 1967 811 1996 in
825 1960 989 1996 medium
1008 1962 1183 1997 Martium
1203 1974 1300 2011 ¹792·
1318 1963 1382 2012 (A.
1397 1963 1446 2011 2.)
1462 1963 1524 1999 ubi
1540 1979 1623 2000 casu
1639 1976 1770 2003 terram

161 2023 261 2053 movi
289 2027 326 2052 et
346 2016 486 2062 laxavi,
514 2029 551 2053 et
574 2024 612 2053 in
636 2019 758 2053 medio
790 2031 873 2054 vase
900 2018 1113 2054 haerentem
1141 2019 1295 2054 alteram
1316 2021 1513 2056 exturbavi.
1550 2022 1622 2056 Sed
1649 2027 1770 2059 statim

162 2087 280 2110 rursus
300 2073 441 2109 defossa
464 2085 527 2110 est.
554 2076 604 2110 D.
631 2083 681 2118 ¹4·
694 2076 782 2124 Apr.
802 2076 921 2110 media
945 2085 1073 2120 nocte,
1087 2075 1298 2111 alterutram
1318 2082 1355 2111 in
1373 2078 1562 2126 superficie
1581 2077 1771 2115 sedentem

163 2132 317 2166 nitidam
340 2131 423 2166 vidi.
450 2134 547 2180 Ergo
569 2143 793 2168 nocturnum
815 2132 963 2168 animal.
990 2134 1116 2167 Noctu
1141 2139 1236 2169 inter
1258 2135 1311 2170 50.
1334 2135 1449 2183 April.
1473 2145 1507 2169 et
1538 2150 1562 2169 1.
1582 2135 1673 2181 Maji
1698 2149 1769 2173 una

163 2194 346 2236 apparuit,
361 2188 476 2225 altera
493 2202 604 2226 mane
622 2189 701 2226 non
716 2190 873 2239 amplius
887 2195 972 2226 visa.
998 2189 1119 2226 Pridie
1133 2203 1268 2240 aquam
1286 2192 1510 2227 adluderam.
1536 2193 1571 2227 N
1576 2201 1661 2227 octu
1675 2199 1771 2229 inter

1411 2248 1444 2279 G
1459 2260 1481 2294 g
1508 2261 1529 2283 2
