2054 2748
259 130 342 174 216

258 224 831 246 &xxwwxmmmwwaeaexae
834 221 1859 238 wxxmxmstmxmmmwxmwm

640 447 782 513 III.
858 447 1495 514 AMPHIBIA,

332 719 418 761 DE
449 715 914 760 AMPHIBIORUM
944 713 1413 759 RESPIRATIONE
1442 712 1817 759 NONNULLA.

270 815 332 887 ΙΝ
359 863 446 886 rana
470 849 610 884 bufone
636 848 744 885 video
770 847 894 884 clauso
919 859 1003 892 ore,
1028 852 1207 882 continuo
1228 851 1390 881 motitari
1408 844 1688 891 mylohyoicleos
1711 844 1877 893 aliosque

265 907 453 944 musculos
473 906 540 942 sub
561 905 711 941 maxilla
726 905 898 940 inferiore
911 932 920 949 ,
937 916 1153 953 sursumque
1172 913 1209 939 et
1228 904 1401 939 deorsum
1420 908 1580 947 moveri,
1599 914 1707 950 saepe
1727 913 1878 950 quoque

267 977 287 999 e
306 970 447 999 narium
476 963 647 998 inferiore
679 967 843 1008 margine
870 961 1093 996 adscendere
1124 960 1420 995 membranulam
1451 966 1552 1008 quasi
1580 959 1788 1005 valvulam,
1816 964 1880 1007 qui

268 1032 392 1057 autem
413 1025 555 1055 narium
574 1029 696 1054 motus
716 1022 834 1052 motui
854 1016 961 1065 gulae
980 1029 1057 1051 non
1077 1016 1287 1065 respondet.

341 1080 383 1111 In
404 1089 489 1110 rana
512 1080 732 1122 temporaria
754 1073 862 1108 video
887 1073 1012 1107 clauso
1034 1086 1097 1106 ore
1121 1078 1284 1107 motitari
1308 1084 1414 1106 nares
1438 1082 1475 1106 et
1493 1077 1696 1119 marginem
1717 1077 1880 1121 superio-

268 1146 347 1170 rem
366 1145 496 1181 parum
516 1131 700 1165 elevatum
720 1129 960 1174 descendere,
980 1129 1113 1163 eodem
1130 1140 1279 1176 quoque
1295 1137 1462 1176 tempore
1483 1127 1644 1162 thoracis
1658 1127 1772 1164 latera
1791 1142 1882 1164 con-

270 1190 364 1226 trahi
386 1199 448 1224 aut
464 1188 693 1236 aliquantum
715 1186 936 1231 concidere,
957 1186 1060 1233 quod
1082 1185 1249 1221 brevibus
1272 1184 1472 1220 intervallis
1492 1184 1566 1220 fere
1590 1186 1753 1220 secundo
1768 1185 1882 1222 horae

269 1252 413 1282 minuto
444 1245 505 1289 fit,
532 1250 626 1279 inter
654 1242 836 1291 quaslibet
858 1252 1054 1290 quaternas
1083 1247 1258 1291 quinasve
1285 1247 1540 1290 respirationes
1565 1242 1801 1279 intervallum
1831 1253 1884 1280 est

271 1303 383 1352 paulo
405 1302 560 1349 longius.

346 1362 388 1394 In
409 1359 544 1392 lacerta
573 1362 741 1404 aquatica
770 1355 966 1390 mediocris
989 1354 1273 1402 magnitudiniS,
1300 1354 1414 1388 altera
1438 1354 1547 1388 dorso
1569 1359 1715 1389 cristato
1730 1383 1739 1400 ,
1769 1355 1883 1392 altera

274 1416 386 1460 laevi,
407 1414 439 1449 d.
466 1414 520 1449 26.
543 1415 666 1447 Martii
686 1413 840 1446 domum
859 1420 1042 1458 reportata
1070 1414 1258 1457 sequentia
1287 1409 1451 1443 observO.
1486 1410 1688 1457 Postquam
1708 1423 1773 1458 per
1792 1412 1885 1447 duos

276 1473 352 1508 dies
372 1477 409 1506 in
428 1482 510 1506 vase
535 1481 629 1517 aqua
660 1468 773 1516 pleno
799 1467 1051 1511 (letinueram⁷
1082 1475 1253 1500 exserunt
1282 1475 1392 1513 caput
1414 1478 1460 1500 ex
1485 1478 1603 1513 aqua,
1628 1472 1664 1500 in
1690 1468 1886 1515 parietibus

275 1527 503 1578 porcellanei
526 1531 616 1561 vasis
639 1523 1002 1573 perpendicularibus
1029 1522 1237 1570 glabrisque
1256 1522 1459 1557 ascendunt
1485 1522 1602 1558 multa
1626 1535 1711 1558 cum
1731 1535 1887 1562 conten-

280 1593 403 1630 tione,
430 1590 539 1618 etiarn
568 1592 764 1630 postquam
789 1593 895 1629 saepe
925 1581 1091 1626 dejectae
1119 1588 1227 1623 sunt,
1260 1578 1464 1627 voluntque
1496 1592 1596 1614 nunc
1624 1590 1724 1617 extra
1751 1594 1887 1630 aquam

278 1647 431 1686 morari,
456 1640 628 1674 inflantur
654 1637 904 1684 mylohyoidei
932 1642 970 1670 in
994 1635 1134 1670 bullam
1161 1641 1427 1681 semiovotam‚
1460 1637 1562 1682 cujus
1587 1637 1752 1672 medium
1778 1645 1887 1675 etiam

278 1705 317 1735 in
337 1697 514 1745 angulum
536 1695 760 1744 quandoque
782 1694 955 1729 elevatur.
984 1695 1026 1728 In
1045 1692 1192 1727 naribus
1209 1692 1356 1728 nullum
1371 1692 1524 1727 observo
1540 1703 1693 1730 motum.

353 1757 455 1790 Rana
480 1752 665 1788 esculenta
688 1758 727 1786 in
746 1764 828 1787 vase
851 1763 946 1799 aqua
969 1749 1082 1798 pleno
1103 1762 1208 1784 nares
1224 1749 1374 1795 extulit,
1394 1748 1458 1784 ubi
1471 1756 1606 1785 accessi
1626 1751 1789 1787 demersa
1813 1763 1887 1801 est,

282 1823 316 1849 et
336 1811 447 1861 paulo
470 1820 551 1859 post
573 1809 717 1857 aliquot
737 1813 860 1843 aereas
878 1807 998 1843 bullas
1014 1807 1210 1842 ascendere
1231 1806 1315 1842 vidi.

354 1870 456 1903 Rana
482 1871 701 1914 temporaria
720 1871 758 1899 in
776 1878 872 1914 aqua
896 1864 1046 1899 detenta
1065 1863 1153 1897 mihi
1168 1869 1242 1898 visa
1255 1874 1309 1898 est
1323 1863 1454 1900 melius
1475 1868 1565 1899 aeris
1590 1863 1775 1900 defectum
1800 1865 1890 1903 serre

284 1936 320 1962 et
338 1937 426 1960 naso
444 1937 521 1958 non
537 1924 630 1958 adeo
647 1922 859 1971 frequenter
873 1931 908 1957 et
922 1920 994 1956 alte
1017 1925 1177 1955 eminere
1196 1933 1307 1969 quam
1327 1934 1414 1956 rana
1429 1920 1624 1956 esculenta.

355 1984 508 2017 Lacerta
528 1980 695 2028 palustris
719 1978 998 2025 mylohyoideos
1017 1977 1184 2012 celeriter
1202 1988 1327 2013 movet
1345 1978 1443 2013 follis
1468 1984 1588 2013 instar.

358 2037 559 2074 Colubrem
579 2037 684 2071 illum
704 2035 897 2085 parvulum
912 2040 1046 2071 vertice
1065 2040 1170 2082 nigro
1189 2035 1255 2082 (de
1270 2048 1343 2082 quo
1360 2034 1469 2082 infra)
1484 2063 1492 2081 ,
1505 2036 1548 2070 A.
1568 2034 1666 2082 1793.
1681 2035 1714 2070 d.
1733 2049 1782 2071 10.
1794 2036 1892 2085 Sept.

290 2097 403 2144 (inter
422 2094 564 2129 medios
589 2093 758 2140 lugubres
782 2104 1043 2141 campanarum
1067 2091 1217 2136 boatus,
1237 2104 1330 2139 quae
1355 2092 1594 2140 quadraginta
1615 2101 1700 2126 octo
1721 2091 1893 2128 horarum

289 2158 467 2187 continuo
489 2156 604 2199 spatio
623 2152 781 2184 Francos
795 2163 860 2198 per
875 2159 991 2184 totam
1007 2148 1169 2183 Galliam
1187 2148 1234 2183 ad
1254 2149 1453 2195 ejiciendos
1473 2149 1594 2182 hostes
1617 2149 1893 2198 convocabant)

289 2215 420 2244 immisi
440 2208 584 2257 phialae
606 2213 740 2243 viti-cae
762 2219 855 2254 aqua
870 2206 1021 2254 plenae,
1043 2205 1207 2252 clausae,
1223 2214 1262 2240 ut
1276 2204 1369 2239 nihil
1389 2209 1480 2240 aeris
1499 2215 1711 2253 superesset.
1739 2205 1894 2254 Serpens
