2054 2748
229 163 282 207 52
590 170 1070 204 OBSERVATIONES
1116 171 1479 202 zooLoorcAn

303 260 398 306 Quia
416 257 596 295 vermibus
614 268 650 293 et
671 258 869 294 scarabaeis
892 261 1050 301 victitat,
1069 256 1167 292 utilis
1187 266 1239 292 est
1262 257 1436 293 ruricolis.

303 316 455 352 Scandit
475 322 638 351 omuino.
669 318 770 351 Unus
790 320 901 349 evasit
920 313 1120 362 aliquando
1149 328 1194 349 ex
1221 314 1374 350 hortulo
1397 327 1500 360 me0,
1526 325 1563 351 et
1590 316 1766 364 postridie
1797 322 1837 352 in

229 373 341 409 horto
360 379 467 409 vicini
488 384 650 421 repertus
665 382 737 416 est,
764 384 837 419 quo
858 377 1061 419 pervenisse
1079 373 1221 406 videtur
1241 385 1305 419 per
1322 382 1537 407 transversas
1555 374 1723 421 pergulas
1747 374 1838 408 duo-

231 429 297 465 bus
316 429 469 478 pedibus
490 443 509 464 a
534 443 571 464 se
595 435 748 463 invicem
769 428 942 463 distantes
962 428 1093 477 quibus
1112 435 1192 463 vitis
1211 428 1359 476 alligata
1379 439 1454 473 est,
1477 430 1702 466 scan‘dendo.
1728 432 1840 465 Posui

229 486 431 534 aliquando
451 486 564 521 alium
582 491 617 518 in
633 497 744 532 parvo
761 485 927 519 conclavi
940 499 948 529 3
962 495 1038 520 erat
1053 498 1181 520 urceus
1198 485 1320 520 arbori
1334 486 1610 533 implantandae
1627 487 1838 533 destinatum,

229 542 373 590 ligneus
387 572 395 587 ,
417 549 453 578 in
477 540 612 588 angulo
636 540 788 576 locatus.
816 540 945 576 Altero
975 542 1034 576 die
1053 548 1092 577 in
1114 542 1180 577 illo
1200 548 1328 590 reperi.
1356 544 1408 578 Ut
1425 552 1547 577 tamen
1566 556 1645 578 non
1665 544 1839 588 dixerim,

229 612 277 634 an
294 606 408 634 curvis.
428 597 607 645 unguibus
627 597 729 645 ligno
753 598 956 633 adhaerens
980 599 1153 643 scandat,
1174 612 1221 634 an
1248 609 1328 634 toto
1353 612 1508 647 corpore
1529 605 1568 635 in
1588 599 1726 647 angulo
1746 605 1841 636 inter

230 670 379 691 urceum
399 666 431 690 et
447 660 625 703 parietem
642 655 843 689 intercluso
859 684 867 699 ,
891 668 994 690 more
1014 666 1277 690 marmotarum
1299 662 1337 690 in
1360 656 1500 690 fissuris.

303 715 389 748 Post
409 712 552 760 aliquot
571 712 647 746 dies
666 718 784 760 reperi
800 718 837 746 iu
854 712 1009 759 lignario
1021 740 1030 757 ,
1048 718 1087 746 in
1102 718 1188 746 cista
1205 712 1297 747 duos
1317 712 1430 760 pedes
1456 712 1531 747 alta
1544 740 1553 758 ,
1572 712 1637 747 sed
1651 718 1840 748 sarmentis

228 776 409 817 ramisque
430 768 521 803 laxis
545 769 770 804 circumdata
792 781 855 817 per
877 782 969 817 quos
991 769 1216 804 adscendere
1235 775 1367 817 potuit.

301 828 558 861 Asseveratum
585 825 678 860 mihi
698 835 751 860 est
774 839 794 860 a
823 826 1008 873 quodam,
1036 831 1247 860 erinaceum
1266 837 1378 873 quem
1401 825 1493 860 aluit
1512 825 1636 870 domi,
1661 832 1841 874 peperisse

228 896 363 918 novem
378 883 541 928 catulos,
566 896 680 931 quos,
701 895 816 930 quum
844 882 1026 927 rediisset,
1050 882 1097 916 ad
1119 894 1234 915 unum
1255 894 1384 915 omnes
1405 891 1551 916 voratos
1571 887 1704 929 reperit
1718 910 1726 926 ,
1745 892 1785 917 ut
1804 888 1842 917 in

228 941 362 975 ultimo
386 950 566 988 occupata
586 939 709 974 adhuc
730 949 824 974 esset
846 949 971 974 mater.
998 938 1074 973 Alii
1103 949 1260 986 quatuor
1280 948 1425 973 tantum
1450 938 1592 973 catulos
1612 937 1843 982 adscribunt5

229 1007 266 1032 et
287 1007 373 1031 octo
395 1003 548 1030 omnino
568 1001 678 1030 etiam
700 996 855 1042 papillas
881 1005 1022 1030 tantum
1046 994 1156 1028 habet
1180 1004 1215 1028 et
1234 993 1466 1028 mammillas.

303 1052 406 1087 Idem
426 1051 570 1096 retulit,
597 1057 804 1086 erinaceum
822 1057 1018 1099 porcinum
1043 1050 1137 1098 (quo
1156 1049 1305 1085 militari
1327 1063 1390 1085 sua
1410 1055 1481 1086 vita
1498 1062 1606 1098 saepe
1622 1059 1744 1098 pastus
1766 1050 1841 1098 est)

229 1109 498 1158 sapidissimum
514 1120 590 1142 esse
604 1107 712 1155 adipe
734 1120 856 1142 aureo.

303 1165 432 1200 Medio
452 1175 588 1200 aestate
606 1164 747 1199 catulos
763 1169 881 1212 partui
896 1170 1084 1212 proximos
1098 1170 1258 1208 extraxi,
1277 1164 1409 1212 quibus
1423 1174 1526 1199 erant
1545 1163 1664 1199 aculei
1682 1176 1759 1198 non
1774 1169 1844 1200 nisi

229 1227 347 1270 parvis
363 1221 560 1256 tuberculis
575 1227 773 1268 conspicui.
806 1221 922 1255 Allati
941 1231 1026 1255 sunt
1043 1221 1113 1254 alia
1132 1227 1210 1255 vice
1225 1220 1287 1255 alii
1302 1221 1466 1266 ejusdem
1481 1220 1555 1254 sere
1569 1221 1843 1268 magnitudinis,

229 1283 364 1325 pariter
380 1277 478 1319 albi,
497 1282 536 1310 in
555 1276 677 1310 lucem
702 1278 776 1320 jam
794 1277 899 1319 editi,
923 1276 1040 1310 oculis
1059 1276 1181 1311 adhuc
1200 1277 1351 1322 clausis,
1371 1277 1502 1324 quibus
1520 1279 1595 1323 jam
1617 1287 1702 1311 sunt
1725 1277 1845 1312 aculei

230 1333 452 1378 trilineares,
473 1331 571 1379 albi,
597 1331 747 1367 flexiles.

740 1410 1333 1454 CAVIA.AGUTL

308 1496 438 1530 Cavia
460 1493 595 1529 cauda
617 1493 875 1534 brevissima,
895 1492 993 1540 pilis
1020 1495 1174 1527 cinereo
1199 1497 1392 1541 nigroque
1420 1494 1655 1537 annulatis,
1685 1496 1844 1531 nucleae

226 1552 404 1602 jubaris,
434 1554 570 1593 reem,
593 1552 737 1597 nigris,
762 1550 870 1583 dorsi
888 1552 1034 1596 postici
1060 1551 1422 1597 curvczcis,ficlvis.

306 1608 431 1643 Gauda
448 1608 538 1642 mihi
555 1613 591 1641 in
607 1607 720 1641 farcto
741 1605 949 1641 brevissima
964 1611 1046 1641 visa.
1074 1607 1215 1641 Totum
1231 1620 1362 1656 corpus
1378 1614 1518 1656 postice
1536 1608 1742 1644 flavescens.
1763 1609 1843 1645 Sta-

232 1677 312 1703 tura
334 1665 459 1713 lepore
477 1666 603 1710 major.

304 1724 345 1757 Iu
364 1721 436 1755 alio
458 1720 571 1755 farcto
596 1732 706 1768 quem
723 1718 895 1768 possideo
915 1725 1105 1767 sequentia
1122 1719 1287 1756 observo.
1307 1722 1529 1770 Magnitudo
1546 1721 1717 1757 cuniculi.
1738 1725 1841 1758 Cras-

233 1785 330 1815 sities
345 1784 490 1826 corpori
512 1783 672 1812 maxima
685 1805 693 1821 ,
713 1788 752 1812 ut
766 1777 823 1812 vel
842 1787 983 1810 summe
1003 1781 1137 1824 pingue
1156 1778 1295 1812 animal
1311 1778 1368 1813 vel
1385 1789 1650 1826 praegnantem
1668 1780 1844 1814 feminam

231 1837 400 1873 habuisse
420 1835 597 1869 artificem
621 1835 795 1870 videatur.
829 1833 898 1869 Pili
919 1832 1158 1881 planiusculi,
1182 1835 1285 1881 quod
1309 1844 1345 1869 et
1372 1840 1602 1871 transversim
1625 1835 1785 1870 secando
1807 1846 1845 1872 et

234 1899 329 1931 inter
348 1893 479 1940 digitos
502 1892 687 1928 volvendo
706 1900 868 1940 apparet.

437 1975 1637 2036 MUS(ARCTOMYS)MARMOTA.

306 2074 364 2108 Ex
384 2072 638 2107 Grindelwald
658 2072 817 2107 adducta
838 2069 909 2106 Ao.
929 2082 1028 2117 179¹·
1054 2071 1166 2106 Junio
1181 2081 1342 2118 accepta.
1369 2072 1418 2106 D.
1436 2084 1491 2106 21.
1513 2071 1602 2106 Julii
1623 2071 1725 2106 domi
1739 2083 1842 2107 meae

234 2130 368 2175 allata,
394 2140 539 2165 mortua
563 2129 596 2163 d.
624 2131 674 2164 18.
694 2130 860 2176 Augusti.

308 2186 495 2234 Quamdiu
514 2192 552 2222 in
574 2185 702 2223 cistula
725 2183 933 2222 circumtuli
961 2190 999 2220 in
1017 2189 1147 2221 itinere
1160 2215 1169 2232 7
1200 2183 1296 2220 bene
1322 2182 1478 2233 habuit,
1503 2197 1619 2233 pane,
1648 2184 1843 2232 fructibus,

236 2244 379 2281 lactuca
398 2249 543 2282 nutrita.
