2054 2748
254 142 337 184 5’232
611 131 1083 167 OBSERVATIONES
1132 130 1521 161 ZOOLOGICAE.

328 225 379 259 D.
405 237 431 258 1.
451 223 545 258 Nov.
565 229 714 267 muscis,
734 220 872 264 asellis,
896 218 1113 253 caraborum
1138 216 1243 251 larvis
1267 215 1365 249 laute
1384 219 1526 249 nutrivi.

329 282 379 316 D.
411 281 441 316 5.
463 281 557 316 Nov.
576 281 694 326 major
715 287 814 312 arcte
838 286 954 311 terrae
976 274 1170 323 applicitus
1192 274 1303 318 jacuit
1318 299 1328 316 ,
1356 270 1482 305 001010
1501 269 1668 305 olivaceo
1689 269 1862 304 nitidiore

257 351 369 388 quam
392 337 582 385 hucusque
606 346 640 370 et
665 333 862 370 tuberculis
888 332 1035 367 sordide
1057 330 1236 367 violaceis.
1282 330 1384 362 Haec
1410 326 1600 362 tubercula
1629 336 1664 361 et
1683 325 1799 361 fornia
1826 336 1864 361 et

257 394 511 443 magnitudine
533 403 569 428 et
588 398 658 427 situ
677 390 886 438 irregularia
899 399 983 424 sunt
999 403 1007 433 ;
1026 398 1066 423 ut
1085 397 1208 423 tamen
1226 386 1364 431 majora
1379 383 1579 432 aliqualem
1595 383 1865 430 regularitatem

257 462 411 488 servent.
439 451 763 486 Thermometrum
783 457 860 482 erat
877 446 987 495 paulo
1008 445 1103 480 ultra
1117 456 1213 488 zerO,
1228 453 1263 477 et
1282 452 1358 476 erat
1374 441 1443 476 hac
1459 441 1530 485 die,
1545 440 1675 475 ablatis
1689 439 1865 484 fenestris,

258 509 383 557 frigori
406 512 599 555 expositus,
640 507 757 540 Lente
784 510 897 539 vitrea
926 512 1088 551 spectata
1116 499 1307 536 tubercula
1334 498 1413 533 aliis
1438 502 1686 532 minutissimis
1717 496 1865 531 elevatis

258 572 404 615 punctis
420 564 564 598 obsessa
583 572 667 597 sunt
680 590 688 608 ,
703 561 842 610 absque
856 560 942 595 ullis
960 564 1067 608 poris.
1095 557 1266 592 Summus
1284 568 1379 604 apex
1402 554 1539 602 glaber.
1569 556 1756 589 Continuo
1780 552 1868 586 licet

260 623 383 670 gelido
405 631 571 667 tempore
600 625 723 654 minor
746 630 862 666 aeque
889 631 931 652 ac
956 617 1075 660 major
1096 621 1135 649 in
1163 612 1354 662 superficie
1381 616 1624 659 conspicitur,
1654 623 1733 645 non
1752 608 1866 644 modo

261 679 385 714 foveae
406 677 583 721 insidens,
606 676 670 710 sed
690 686 726 710 et
743 676 918 710 incedens
932 702 940 717 ,
960 679 1071 708 etiam
1090 672 1275 719 projectos
1295 674 1440 703 01115005
1460 679 1601 703 vorans.

331 735 381 770 D.
406 747 456 768 12.
476 735 567 768 Nov.
593 733 711 778 major
729 732 817 766 bufo
836 736 961 766 nescio
980 728 1172 777 quomodo
1200 739 1220 761 e
1247 738 1426 773 campana
1445 730 1558 759 vitrea
1576 735 1613 757 se
1628 722 1868 766 subduxerat,

261 802 297 827 et
320 797 358 826 111
379 790 548 825 conclavi
571 799 733 838 repertus
756 799 819 824 est.
848 789 975 833 Quum
997 796 1078 821 toto
1097 785 1170 819 hoc
1188 793 1354 830 tempore
1375 783 1494 828 major
1512 790 1548 815 et
1569 785 1691 814 minor
1711 779 1758 813 ad
1774 791 1871 813 sum-

259 860 359 883 mam
382 859 485 882 oram
508 858 593 881 suae
609 845 733 881 foveae
752 846 968 891 jacuissent,
986 853 1063 878 tam
1083 841 1211 888 frigida
1231 848 1448 886 tempestate
1470 849 1581 885 quarn
1601 840 1872 883 temperatiore,

261 905 297 941 d.
324 906 374 940 18.
391 906 485 939 Nov.
509 909 547 938 in
570 902 762 950 superficie
785 912 899 936 terrae
915 900 1104 935 sedentem
1120 902 1237 945 reperi
1255 906 1469 943 utrumque,
1490 895 1669 940 majorem
1681 891 1871 940 aliquanto

260 961 481 996 nitidiorem.
510 961 610 1004 Quin
634 958 750 1005 pridie
772 959 847 1003 jam
868 957 1013 1003 aliquot
1038 961 1182 989 01115005
1204 953 1350 988 oblatos
1374 957 1498 985 minor
1517 950 1763 986 devoraverat.

335 1018 386 1051 D.
412 1016 467 1050 23.
491 1017 584 1050 Nov.
605 1020 719 1061 magis
744 1025 856 1061 quam
870 1012 988 1046 fuerat
1002 1022 1167 1058 unquam
1183 1017 1322 1042 erectus
1336 1016 1372 1042 et
1391 1016 1562 1041 extensus
1576 1004 1623 1039 ad
1643 1004 1758 1039 latera
1777 1016 1875 1038 cam-

264 1084 381 1122 panae
402 1072 479 1105 suit.
518 1072 645 1104 Minor
673 1069 850 1115 postridie
875 1067 1030 1114 pedibus
1057 1064 1300 1099 anterioribus
1333 1069 1522 1106 insistens,
1550 1060 1811 1108 posterioribus
1838 1073 1876 1095 se

264 1127 454 1175 arrigebat.
482 1126 605 1173 Atque
620 1124 717 1159 idem
736 1135 859 1158 rursus
874 1120 1050 1170 postridie
1064 1120 1096 1155 d.
1113 1127 1168 1161 24.
1180 1120 1274 1153 Nov.
1297 1127 1373 1152 tam
1391 1123 1429 1151 111
1448 1118 1588 1162 majore
1602 1128 1714 1164 quam
1733 1123 1876 1152 minore

267 1185 433 1220 observo.
462 1182 563 1229 Quid
581 1186 764 1216 matutino
789 1190 956 1227 tempore
980 1186 1183 1225 quaerunt,
1208 1187 1323 1223 quum
1346 1173 1490 1222 reliquo
1512 1174 1723 1222 quiescant?
1749 1173 1801 1209 D.
1822 1173 1877 1211 26.

264 1244 361 1278 Nov.
382 1246 493 1275 etiam
513 1244 653 1288 vesperi
670 1244 720 1272 ita
743 1247 937 1272 extensum
958 1244 995 1269 et
1013 1233 1189 1269 scandere
1213 1241 1419 1267 tentantem
1440 1231 1524 1266 vidi.

339 1299 389 1333 D.
416 1310 471 1343 27.
492 1306 575 1345 post
598 1295 729 1330 horam
749 1305 890 1328 nonam
913 1293 1032 1337 major
1051 1296 1088 1325 iu
1106 1289 1274 1325 conclavi
1293 1287 1584 1337 exspatiabatur:
1605 1287 1706 1335 quod
1723 1288 1797 1333 jam
1812 1300 1878 1323 311-

267 1366 325 1391 103
346 1354 588 1389 observatum.
616 1353 744 1397 Quum
766 1357 804 1384 in
819 1349 895 1383 olla
916 1359 1156 1395 reponerem,
1178 1345 1250 1381 vidi
1269 1345 1336 1379 sub
1359 1350 1523 1391 margine
1547 1356 1749 1391 campanae
1774 1356 1881 1379 exca-

267 1420 388 1448 vatam
411 1421 486 1443 esse
511 1418 662 1452 terram,
685 1416 721 1441 et
744 1412 792 1440 ita
811 1404 990 1439 bufonem
1012 1407 1162 1436 evasisse
1182 1400 1396 1434 scandendo
1418 1405 1513 1434 inter
1532 1412 1733 1447 campanae
1753 1413 1877 1448 super-

269 1468 390 1504 ficiem
421 1470 640 1500 exteriorem
667 1473 703 1497 et
733 1460 868 1504 ollam,
896 1458 998 1507 quod
1025 1456 1261 1493 intervallum
1288 1456 1393 1502 digiti
1420 1455 1492 1490 fere
1519 1455 1765 1503 amplitudine
1792 1456 1880 1503 fuit,

270 1535 307 1560 et
335 1522 493 1559 altitudo
520 1533 541 1555 a
567 1518 758 1568 superficie
782 1527 899 1552 terrae
922 1521 961 1550 in
991 1513 1068 1549 olla
1093 1522 1292 1548 contentae
1316 1512 1363 1547 ad
1387 1512 1615 1560 crepidinem
1645 1511 1743 1546 ollae
1766 1523 1881 1548 trans-

270 1593 392 1618 versae
407 1591 546 1613 manus.
572 1580 699 1624 Itaque
723 1574 828 1610 facile
846 1571 1022 1607 scandere
1042 1576 1172 1619 potuit.
1202 1569 1275 1603 Sed
1295 1581 1359 1603 cur
1376 1574 1424 1603 ita
1444 1568 1620 1603 scandere
1638 1568 1881 1606 allaboravit?

271 1640 405 1686 Reperi
430 1645 563 1670 terram
589 1632 697 1668 valde
722 1631 931 1665 induratam
953 1628 1085 1672 1111550,
1110 1637 1150 1662 01
1176 1626 1270 1661 adeo
1295 1625 1387 1660 forte
1413 1625 1487 1660 alio
1509 1624 1608 1659 abire
1626 1630 1703 1660 nisa
1730 1631 1795 1670 sit,
1820 1626 1882 1661 ubi

272 1695 451 1730 laxiorem
472 1690 676 1726 offenderet
695 1688 742 1723 ad
768 1685 986 1721 fodiendum
1009 1694 1152 1720 terram.
1180 1685 1227 1717 Et
1247 1695 1370 1718 revera
1393 1681 1556 1716 relaxata
1571 1691 1665 1716 terra
1679 1681 1883 1716 5031150011-

271 1750 386 1795 didit,
406 1759 445 1783 ut
466 1758 589 1783 tamen
609 1744 785 1795 postridie
806 1751 985 1778 consueto
1005 1753 1109 1776 more
1129 1740 1278 1775 dorsum
1299 1738 1530 1785 ostenderet,
1549 1748 1585 1774 et
1603 1738 1783 1773 summam
1798 1752 1881 1787 par-

273 1818 349 1845 tem
375 1810 510 1854 capitis.

348 1864 474 1910 Quum
494 1862 526 1896 d.
550 1872 605 1908 29.
628 1861 722 1896 Nov.
743 1870 878 1907 aquam
901 1856 999 1891 ollae
1019 1853 1252 1899 infudissem,
1273 1859 1445 1888 immerso
1460 1862 1576 1888 terrae
1592 1864 1694 1897 nam,
1714 1852 1883 1899 01131135,

276 1926 410 1958 evitare
430 1924 602 1962 tentavit,
621 1928 657 1952 et
676 1922 713 1951 in
728 1916 799 1952 hoc
815 1925 910 1951 statu
924 1919 1077 1956 mansit,
1097 1911 1216 1947 donec
1236 1917 1295 1947 vix
1313 1911 1471 1958 amplius
1487 1922 1645 1945 summas
1665 1921 1769 1944 nares
1788 1922 1885 1957 aqua

276 1983 517 2024 contingeret.
544 1976 642 2009 Tum
668 1973 823 2022 pedibus
846 1972 976 2006 limum
1001 1974 1103 2018 quasi
1122 1982 1142 2002 a
1163 1968 1309 2002 naribus
1330 1967 1503 2002 amolitus
1524 1966 1665 2002 elevare
1687 1976 1796 2014 caput
1818 1966 1885 2001 ali-

277 2044 457 2084 quantum
482 2037 590 2080 cepit.
617 2031 736 2066 Subiit
758 2041 847 2065 tunc
868 2027 1004 2076 cupido
1026 2025 1174 2061 videndi
1196 2025 1285 2072 quid
1304 2024 1463 2059 facturus
1483 2034 1586 2068 esset,
1608 2029 1636 2058 si
1651 2033 1771 2057 totum
1789 2035 1885 2070 aqua

276 2102 489 2139 mergerem.
528 2091 626 2136 Ergo
648 2094 721 2123 vasi
742 2093 944 2122 immissum
971 2083 1149 2119 inclinato
1170 2081 1355 2129 superfudi
1374 2094 1479 2129 aqua.
1516 2079 1692 2115 Natando
1714 2079 1886 2127 cupiebat

277 2160 479 2196 emergere,
502 2156 538 2182 et
556 2157 685 2181 nasum
706 2151 777 2179 vasi
798 2148 960 2192 impegit.
986 2142 1085 2175 Tum
1099 2151 1186 2176 vero
1206 2150 1365 2173 reversus
1384 2137 1540 2172 fundum
1559 2141 1648 2171 vasis
1666 2135 1885 2170 inclinatum

278 2205 488 2253 adscendit,
505 2213 541 2240 et
562 2207 699 2252 quievit
716 2201 868 2238 simulac
889 2212 993 2235 nares
1008 2197 1067 2236 vel
1085 2202 1281 2233 minimum
1295 2207 1411 2244 aquae
1426 2194 1631 2243 superficiei
1649 2203 1753 2229 erant
1766 2192 1886 2242 paral-
