2054 2748
771 113 1166 144 PRAEFATIO.
1705 122 1770 151 VH

168 208 218 251 in
239 204 437 249 latinum
465 211 694 244 conversa
720 206 853 249 sunt,
877 213 996 255 quae
1019 198 1163 242 etiam
1186 195 1225 240 si
1247 209 1345 240 non
1368 196 1539 242 diserte
1562 204 1773 248 monuis-

166 286 266 317 sem
281 305 290 321 ,
312 267 451 312 facile
474 280 502 309 a
524 265 718 309 caeteris
739 263 1127 308 discernerentur.

221 336 448 392 Magnam
469 332 691 392 equidem
717 331 875 374 animo
905 329 1198 388 voluptatem
1226 343 1481 388 percepero
1499 365 1509 382 ,
1539 331 1578 373 si
1608 334 1773 379 amicis

163 399 466 444 renovandae
505 398 646 441 amici
683 396 941 439 memoriae
981 396 1429 455 conservandaeque
1471 397 1774 443 occasionem

165 466 360 518 dedero,
385 465 590 521 aliosque
613 462 704 505 hoc
729 461 990 521 specimine
1015 463 1274 516 edocuero,
1299 462 1434 522 quale
1452 473 1774 523 quantumque

165 532 225 576 sit
247 530 375 589 quod
396 539 589 572 naturae
614 528 814 571 scientia
836 529 1115 572 Hermanno
1140 529 1311 574 debeat
1337 539 1499 574 nostro
1517 565 1527 583 ,
1559 543 1775 588 quaeque

165 597 318 639 adhuc
335 629 345 647 ,
369 595 408 637 si
427 593 523 636 fata
540 594 761 637 sivissent
779 629 789 646 ,
813 593 879 637 illi
902 606 1035 639 erant
1053 594 1280 639 debitura.

218 661 369 712 Prior,
393 674 535 718 quam
553 659 690 713 Tibi,
714 675 841 703 nunc
864 660 1166 714 exhibemus,
1185 660 1416 706 benevole
1433 661 1624 713 Lector,
1647 675 1773 720 pars,

163 725 773 778 observationescontinet,
793 741 913 785 quae
936 727 996 769 ad
1017 728 1317 779 mammalia,
1350 742 1487 778 aves,
1512 727 1774 783 amphibia,

156 799 306 847 pisces
331 800 556 848 spectant.
590 791 824 834 Ordinem
849 793 898 835 in
922 792 977 834 iis
998 793 1267 850 digerendis
1286 793 1471 853 sequuti
1490 807 1651 835 sumus
1667 793 1774 835 Lin-

159 870 399 899 naeanum
426 857 475 900 in
508 858 775 915 systematis
805 868 1000 902 naturae
1032 858 1243 903 editione
1271 858 1552 903 duodecima
1579 858 1774 916 adopta-

161 929 279 973 tum,
298 936 408 965 cum
431 932 636 980 systema
658 939 755 966 non
778 923 1004 976 condere,
1028 924 1112 967 sed
1134 940 1207 969 res
1233 924 1439 970 divulsas
1469 933 1514 968 et
1540 923 1746 981 singulas
1763 958 1773 975 ,

161 985 326 1029 ordine
344 996 504 1030 tamen
527 987 751 1045 quodam,
772 989 935 1032 sistere
953 988 1252 1033 voluerimus.

215 1051 270 1093 In
293 1051 438 1094 altera
455 1062 605 1110 parte,
632 1067 750 1110 quae
768 1053 900 1097 brevi
918 1055 1040 1097 hanc
1062 1055 1266 1112 excipiet
1280 1090 1289 1106 ,
1309 1055 1367 1098 de
1387 1061 1577 1098 insectis
1594 1065 1773 1113 agetur,

159 1115 217 1158 de
238 1117 472 1160 vermibus
489 1127 536 1160 et
557 1117 813 1175 zoopliycis.
845 1118 1009 1171 Multa,
1028 1120 1077 1162 in
1094 1119 1182 1162 hac
1201 1120 1449 1176 posteriori
1469 1120 1679 1163 sectione
1698 1121 1773 1163 in-

158 1179 315 1223 dicata
326 1191 522 1234 tantum,
539 1183 765 1239 separatis
780 1183 1104 1227 voluminibus
1122 1194 1428 1242 exponentur.
1447 1185 1523 1228 Sic
1541 1184 1598 1228 de
1618 1191 1776 1228 crearis

159 1243 357 1303 aliisque
381 1247 724 1302 congeneribus
744 1255 917 1301 apteris
935 1262 1052 1302 opus
1070 1248 1379 1302 posthumum
1399 1264 1669 1291 HERMANNI
1691 1248 1774 1290 filii

159 1308 575 1356 desideratissimi,
602 1310 808 1359 optimae
833 1309 932 1358 spei
957 1309 1071 1351 olim
1098 1309 1434 1358 adolescentis,
1461 1320 1611 1351 morte
1634 1325 1773 1366 prae-

157 1379 359 1421 matura,
377 1381 551 1424 magno
569 1367 636 1409 rei
652 1366 905 1409 litterariae
921 1366 1207 1409 detrimento
1220 1368 1439 1412 humanis
1458 1371 1596 1414 rebus
1612 1376 1772 1431 erepti,

156 1444 392 1493 paratum,
415 1433 560 1490 patris
591 1430 748 1474 studio
765 1440 872 1489 post
894 1430 976 1472 filii
997 1430 1093 1473 fata
1116 1442 1325 1484 auctum,
1356 1449 1483 1477 nunc
1500 1438 1706 1481 maxime
1725 1440 1774 1482 in

159 1499 377 1543 ordinem
393 1497 639 1540 redactum
655 1506 701 1540 et
719 1511 893 1540 novem
911 1495 1081 1539 tabulis
1106 1498 1265 1541 aeneis
1290 1509 1527 1554 ornatum,
1551 1502 1601 1544 in
1617 1502 1773 1548 lucem

157 1564 334 1621 prodit,
368 1563 557 1605 titulum
587 1576 699 1619 prae
731 1576 780 1604 se
813 1562 992 1605 ferens:
1025 1563 1260 1606 Memotre
1289 1565 1658 1625 apce'rologiqzce,
1686 1579 1771 1613 etc.

157 1629 235 1672 Sic
259 1644 545 1672 aranearum
568 1628 780 1684 picturae
803 1637 849 1670 et
872 1627 1215 1684 descriptiones
1240 1629 1441 1686 amplius
1471 1641 1663 1675 centum
1688 1648 1770 1676 ex-

157 1702 276 1745 tant,
295 1706 415 1750 quae
442 1691 775 1749 chalcographi
803 1692 962 1734 stilum
990 1707 1088 1734 non
1115 1703 1467 1750 expectassent,
1496 1697 1534 1738 si
1558 1706 1771 1757 tempora

156 1758 306 1814 magis
335 1757 489 1799 fausta
518 1757 743 1809 fuissent,
776 1767 822 1800 et
847 1772 947 1800 rem
976 1758 1148 1800 nostris
1176 1772 1398 1817 peragere
1424 1761 1650 1819 impensis
1674 1780 1771 1807 non

158 1821 497 1879 impediissent.
538 1821 670 1864 Alius
704 1821 761 1864 de
791 1822 1020 1878 pediculis
1050 1832 1273 1868 tractatus
1304 1825 1463 1883 figuris
1496 1827 1768 1881 illustratus,

159 1886 370 1944 aliusque
398 1886 454 1929 de
474 1893 647 1938 coccis,
678 1885 889 1944 pluribus
913 1888 1049 1931 novis
1069 1899 1233 1932 auctus
1253 1891 1500 1948 speciebus
1517 1928 1526 1945 ,
1550 1895 1589 1937 si
1617 1894 1693 1939 ille
1713 1895 1768 1938 de

159 1951 308 1994 acaris
329 1951 538 1994 secunda
556 1952 849 2008 navigaverit
867 1967 997 2005 aura,
1017 1968 1126 1997 eum
1144 1965 1408 2013 sequentur.

215 2016 349 2073 Quae
379 2031 437 2059 ex
460 2015 706 2059 botanices
731 2016 911 2061 ditione
935 2030 1204 2076 supersunt,
1233 2035 1446 2081 quaeque
1479 2023 1538 2066 ad
1561 2025 1767 2067 minera-

156 2081 348 2138 logiam,
373 2081 434 2124 ad
462 2083 741 2139 geogoniam
768 2093 813 2126 et
841 2085 1249 2142 cosmographiam
1266 2086 1512 2146 physicam
1536 2098 1768 2146 spectant,

160 2145 361 2204 denique
389 2157 434 2192 et
459 2147 720 2192 litterarum
739 2149 1003 2193 Hei-manni
1030 2152 1390 2206 commercium,
1421 2152 1558 2210 longe
1582 2153 1766 2211 lateque
