2054 2748
286 155 342 199 80
654 160 1118 196 osssrnvATmNEs
1163 160 1521 191 zooitomcms.

287 253 403 287 larem
421 258 557 301 eiipeie
575 249 683 295 velle,
696 258 872 284 manuum
886 256 991 282 motu
1005 255 1205 282 transverso
1230 244 1460 293 singulariter
1478 255 1511 280 t1
1513 244 1684 294 epidante
1707 243 1806 280 haud
1824 244 1893 280 sibi

285 309 383 345 velle
403 314 492 357 eiipi
515 307 739 356 significavit.
768 305 827 340 Sic
853 314 890 339 et
910 304 956 339 de
981 303 1135 352 panibus
1158 302 1390 338 niollioiibus
1414 302 1555 350 aliquid
1572 301 1758 338 aufuratus
1776 314 1893 350 prope

287 366 373 401 illos
401 376 437 400 et
464 364 539 400 fere
563 376 670 411 supei
691 362 776 396 illos
803 361 993 406 consedit,
1027 360 1196 396 manibus
1224 365 1328 408 quasi
1354 371 1538 407 occupans
1566 368 1603 395 et
1630 368 1733 407 gestu
1755 359 1894 408 pedum

287 422 492 472 significans
510 434 546 457 se
562 427 627 455 ista
647 424 770 453 omnia
792 418 861 453 sibi
882 417 1016 453 habere
1039 416 1144 453 velle.

360 481 505 515 Nucem
538 475 703 510 oblatam
733 474 976 510 abscondidit.
1011 475 1101 509 Non
1129 483 1255 509 tamen
1280 482 1379 508 satur
1416 483 1512 517 erat3
1547 485 1634 508 nam
1669 472 1780 522 paulo
1811 481 1895 520 post

287 549 422 586 panem
444 533 602 568 multum
619 531 791 567 comedit.
819 533 913 566 Mox
932 543 1065 565 nucem
1082 531 1240 565 eandem
1253 543 1318 565 suo
1345 530 1430 564 loco
1454 536 1639 578 quaesivit.
1668 530 1793 576 Quum
1808 538 1896 564 ante

287 594 408 630 ablata
422 590 532 640 paulo
547 599 631 637 post
646 588 700 623 illi
721 588 972 633 exhiberetur,
988 587 1291 622 lenite·1·ai·rosam
1311 587 1433 621 denuo
1454 586 1698 622 abscondidit.

360 648 475 683 Video
497 658 598 683 nunc
613 657 699 680 eum
714 651 829 682 ²etiam
848 644 1055 680 dimidiatas
1077 643 1270 694 juglandes
1288 654 1325 680 et
1345 643 1497 679 nucleos
1514 643 1762 688 abscondere3
1785 646 1896 678 rarius

287 717 421 743 tamen.

359 761 443 798 Vidi
471 774 620 810 quoque
652 773 788 797 nucem
819 761 937 810 pridie
965 760 1221 796 absconditam
1247 760 1355 796 illum
1381 759 1496 796 altero
1529 759 1588 795 die
1619 762 1834 806 quaesivisse
1859 765 1897 791 et

287 820 359 855 alio
375 832 493 854 rursus
512 819 597 854 1000
618 818 860 854 abscondisse.

358 877 394 911 A
420 876 584 912 vorando
613 886 752 911 amatas
775 875 947 924 cupedias
967 887 1043 909 non
1071 874 1249 908 dimoveri
1276 885 1314 908 se
1339 879 1498 922 patitur,
1528 871 1615 907 licet
1636 869 1842 907 mulceatur
1861 878 1897 904 et

288 932 414 968 oscula
434 938 501 980 ipsi
520 932 686 980 figantur.
713 933 812 966 Tum
832 932 962 967 0011105
980 931 1119 966 claudit
1134 960 1142 976 ,
1169 941 1205 966 et
1223 930 1446 964 manducare
1470 934 1596 977 pergit.

361 988 505 1023 Sensim
530 988 667 1022 dedicit
695 987 931 1022 familiaribus
958 1001 1069 1022 nuces
1099 987 1342 1030 concredere,
1362 985 1513 1020 fortasse
1532 985 1635 1033 quod
1652 984 1805 1018 edoctus
1820 994 1900 1017 non

288 1050 370 1080 satis
402 1054 482 1080 tuto
510 1044 608 1092 apud
636 1044 721 1079 illos
744 1044 909 1080 recondi.
937 1043 1009 1078 Sed
1032 1049 1159 1091 ignoto
1185 1042 1354 1086 cuilibet,
1382 1052 1422 1076 ut
1451 1048 1612 1090 primum
1643 1046 1810 1083 intraret,
1836 1038 1900 1073 ubi

290 1115 375 1138 casu
394 1102 430 1136 id
446 1102 548 1136 fieret
573 1101 722 1149 quando
739 1114 872 1135 nucem
893 1111 1021 1135 nactus
1037 1116 1045 1133 t
1060 1111 1112 1135 rat
1127 1128 1134 1145 ,
1161 1100 1219 1135 vel
1237 1106 1275 1134 in
1289 1098 1440 1143 collari,
1467 1099 1524 1134 vel
1544 1104 1582 1132 in
1596 1097 1725 1132 calceo
1741 1096 1899 1131 abscon·-

289 1159 390 1194 didit.
417 1158 503 1192 Vidi
520 1164 630 1193 etiam
650 1157 815 1192 calce-um
837 1171 912 1192 1101]
936 1164 1072 1192 circum
1094 1157 1229 1204 pedem
1253 1155 1492 1190 fluctuantem
1515 1159 1706 1189 circumire
1721 1181 1730 1199 ,
1753 1165 1795 1187 ac
1818 1162 1900 1186 ten-

289 1225 364 1250 tare
386 1225 422 1249 et
446 1227 553 1261 aegre
574 1220 675 1261 quasi
695 1214 805 1257 ferre,
833 1214 934 1261 quod
960 1220 998 1248 in
1017 1213 1084 1247 illo
1106 1213 1336 1247 recondendi
1361 1224 1496 1246 nucem
1516 1211 1620 1246 locus
1642 1223 1721 1245 non
1744 1209 1901 1244 daretur.

360 1272 450 1306 Post
473 1283 639 1304 annuum
665 1275 823 1318 spatium
848 1282 971 1318 neque
988 1276 1029 1304 in
1053 1269 1216 1318 crepidas
1236 1268 1394 1318 amplius
1413 1281 1536 1317 neque
1557 1273 1596 1303 in
1618 1267 1757 1303 collare
1775 1277 1902 1301 meum

289 1328 492 1376 quidquam
512 1326 756 1363 abscondidit.

363 1384 541 1418 Successu
566 1388 741 1429 temporis
761 1382 912 1416 frustula
931 1393 1082 1428 quoque
1103 1392 1242 1414 nucum
1258 1381 1489 1426 juglandium
1508 1380 1735 1415 abscondere
1752 1385 1900 1428 incepit,

290 1440 393 1489 quod
408 1439 454 1474 ab
474 1444 578 1474 initio
600 1450 677 1472 non
696 1437 791 1472 fecit.
812 1439 931 1472 Etiam
950 1436 1012 1471 ubi
1032 1436 1180 1471 abunde
1199 1436 1372 1471 darentur
1390 1435 1562 1483 neglexit.

364 1496 588 1544 Plerumque
610 1507 739 1530 vorans
761 1494 864 1529 sedet
890 1493 1079 1541 duplicato
1111 1499 1214 1541 quasi
1236 1493 1297 1527 ¹vel
1320 1492 1368 1526 ad
1387 1492 1566 1540 angulum
1584 1502 1727 1527 rectum
1752 1502 1900 1528 curvato

292 1566 467 1602 corpore,
493 1559 563 1587 situ
588 1565 697 1601 quem
717 1557 744 1586 si
768 1557 888 1600 pictor
913 1555 1151 1598 exprimeret,
1177 1555 1230 1584 rei
1249 1555 1394 1597 ignarus
1410 1548 1509 1583 haud
1527 1558 1678 1583 naturae
1707 1558 1903 1583 consenta-

292 1624 404 1647 neum
427 1610 613 1656 judicaret.
642 1608 765 1643 Semel
780 1621 865 1644 vero
881 1613 931 1642 ita
952 1617 1143 1642 vorantem
1159 1607 1253 1651 vidi,
1281 1616 1321 1641 ut
1339 1606 1490 1641 dorsum
1508 1610 1747 1640 rectissimam
1765 1604 1903 1640 lineam

293 1667 534 1711 describeret,
561 1665 663 1714 quod
684 1665 805 1700 adhuc
828 1670 944 1712 magis
970 1663 1017 1698 ab
1034 1673 1164 1699 natura
1183 1663 1346 1698 alienum
1369 1669 1449 1711 quis
1469 1662 1704 1709 judicaverit,
1731 1673 1804 1710 quo
1831 1667 1906 1697 situ.

293 1725 518 1774 quandoque
541 1722 684 1758 solebat
707 1732 866 1758 attentus
885 1734 952 1770 per
970 1720 1166 1756 fenestram
1186 1726 1406 1769 prospicere.

368 1783 472 1816 Dum
492 1780 616 1816 cibum
638 1779 807 1815 manibus
828 1789 929 1815 tenet
948 1806 956 1823 ,
992 1783 1150 1813 extimae
1172 1776 1375 1826 phalanges
1395 1787 1482 1811 cum
1504 1775 1686 1823 unguibus
1709 1774 1792 1809 laxe
1810 1787 1903 1823 pen-

296 1840 406 1883 dent,
433 1849 473 1873 ut
492 1838 639 1873 illarum
658 1843 697 1872 in
718 1837 882 1873 tenendo
907 1835 1033 1870 nullae
1052 1840 1124 1869 sint
1147 1844 1276 1881 partes.

368 1897 525 1931 Pomum
546 1894 631 1930 licet
654 1895 728 1940 jam
754 1893 1023 1929 decorticatum
1042 1896 1071 1925 si
1098 1889 1298 1938 praebeas,
1330 1889 1454 1925 denuo
1477 1889 1689 1925 decorticat.
1717 1891 1906 1924 Corticem

297 1955 373 2000 ejus
405 1964 482 1986 non
509 1956 753 1986 oeconomico
791 1950 900 1986 valde
930 1947 1046 1983 modo
1068 1975 1077 1992 ,
1115 1946 1179 1981 sed
1202 1959 1346 1981 erasum
1372 1946 1499 1982 aufert.
1527 1947 1632 1981 Dum
1665 1945 1759 1980 illud
1793 1946 1903 1990 rodit,

299 2008 470 2045 dentibus
495 2008 727 2043 inferioribus
744 2016 918 2051 excavat,
956 2014 992 2040 et
1013 2004 1141 2051 lingua
1164 2004 1272 2038 simul
1291 2014 1435 2051 gustare
1452 2003 1606 2040 videtur.
1635 2003 1698 2038 Ad
1717 2001 1904 2050 capsulam

298 2073 479 2103 seminum
498 2077 612 2113 usque
635 2078 713 2099 non
731 2074 906 2113 penetrat.
933 2063 1107 2098 Diversus
1125 2065 1163 2095 in
1183 2059 1257 2095 hoc
1275 2073 1295 2095 a
1318 2060 1417 2108 glire.

372 2125 517 2159 Nucem
536 2122 711 2157 arrodens
737 2122 888 2170 oblique
905 2119 1027 2164 rodit,
1054 2123 1210 2153 incisura
1232 2116 1326 2152 facta
1354 2117 1550 2165 prehendit
1572 2126 1725 2164 utraque
1752 2114 1903 2152 maxilla

299 2191 334 2216 et
348 2186 558 2229 portionem
578 2184 723 2214 corticis
741 2177 934 2225 abrumpit.
960 2177 1106 2211 Nucem
1126 2187 1263 2210 cassam
1281 2184 1410 2209 nactus
1422 2202 1431 2220 ,
1456 2179 1609 2210 minima
1625 2179 1715 2208 rima
1733 2172 1900 2208 rodendo

299 2238 394 2275 facta
416 2242 538 2274 statim
561 2236 699 2284 detegit
723 2234 895 2272 inutilem
913 2246 996 2269 eam
1023 2245 1099 2269 esse
1120 2242 1158 2269 et
1183 2231 1367 2280 relinquit.

1752 2287 1904 2322 Mensae
