2054 2748
428 215 1291 282 PRAEFATIO

603 345 1114 388 EDITORIS.

61 631 125 706 C
139 671 365 702 omium-{s
387 656 691 700 scientIarum
713 658 927 701 omnium
951 670 1047 701 sors
1066 666 1135 700 est
1153 666 1199 700 et
1214 657 1446 709 conditio,
1469 667 1521 700 ut
1536 659 1658 701 mul-

55 734 211 767 torum
226 723 452 766 fertilium
470 722 766 780 ingeniorum
782 723 952 779 junctis
971 722 1208 766 laboribus
1228 737 1350 765 nova
1365 724 1657 766 incrementa

54 789 253 846 capiant.
300 788 408 844 Quo
437 788 485 829 in
516 801 686 845 genere
712 788 751 830 si
774 802 884 845 prae
919 788 1110 846 reliquis
1147 787 1237 830 sibi
1275 800 1489 844 arrogare
1521 788 1657 845 quid-

53 856 182 912 piam
203 853 274 896 fas
303 862 395 905 est,
427 852 526 909 jure
555 853 601 895 id
619 852 835 911 physices
860 853 1087 896 scientiae
1111 867 1230 911 quae
1254 866 1504 910 corporum
1522 852 1657 895 tellu—

50 920 114 961 ris
138 918 460 975 cognitionem
483 927 529 962 et
553 917 799 960 historiam
822 918 1143 976 amplectitur,
1166 917 1253 960 erit
1276 917 1469 959 licitum.
1501 917 1654 959 Nullis

51 982 223 1040 quippe
251 981 519 1037 sapientum
547 981 802 1024 effatorum
830 982 1058 1026 limitibus
1088 982 1164 1024 illa
1193 982 1417 1025 conclusa
1444 992 1537 1033 est,
1572 982 1655 1024 sed

48 1046 98 1088 in
122 1055 273 1088 totum
298 1045 546 1089 universae
568 1055 763 1090 naturae
787 1062 1009 1107 campum
1036 1048 1249 1091 excurrit.
1284 1048 1424 1091 Unde
1453 1047 1655 1105 plurima

47 1124 233 1168 semper
255 1124 381 1153 nova
407 1124 465 1152 ex
491 1120 588 1153 tam
609 1121 744 1155 vasto
768 1126 924 1155 rerum
955 1127 1137 1155 oceano
1153 1148 1163 1163 ,
1196 1122 1390 1155 naturae
1424 1111 1654 1155 cultorum

47 1175 204 1219 studio
231 1175 576 1233 protrahuntur.
608 1176 701 1220 Sed
726 1192 1035 1236 quaecunque
1058 1177 1252 1235 privatis
1283 1177 1453 1220 horum
1485 1177 1652 1219 studiiS

46 1240 264 1297 curisque
281 1240 615 1296 pervestigata,
638 1242 827 1296 cognita
846 1251 892 1283 et
909 1242 1102 1283 inventa
1120 1251 1229 1283 sunt
1244 1275 1253 1292 ‚
1279 1256 1443 1283 eorum
1462 1251 1512 1282 ut
1536 1240 1652 1282 nihil

45 1312 226 1356 pereat,
251 1302 334 1344 sed
350 1312 523 1344 cuncta
540 1303 782 1344 communi
801 1303 1026 1346 scientiae
1044 1303 1175 1346 lucro
1192 1303 1423 1344 accedant
1435 1336 1444 1351 ‚
1462 1304 1652 1358 plurimi

46 1364 251 1405 interest.
284 1359 441 1416 Quare
466 1359 506 1401 si
529 1358 650 1401 forte
674 1358 762 1410 illi,
791 1374 910 1417 quae
936 1362 985 1403 in
1010 1364 1195 1404 scriniis
1219 1363 1527 1420 reliquerunt⁷
1561 1367 1651 1423 ipsi

43 1427 153 1470 fatis
175 1424 420 1484 praeventi
445 1422 624 1481 publici
639 1423 751 1480 juris
774 1424 931 1468 lacere
950 1441 1046 1469 non
1064 1436 1345 1484 potuerunt,
1377 1430 1650 1485 superstites

44 1491 243 1549 gratiam
266 1490 432 1532 ineunt
453 1488 715 1531 amicorum
737 1489 985 1542 scientiae,
1010 1491 1087 1533 illa
1110 1492 1149 1534 si
1168 1492 1217 1534 111
1239 1492 1393 1535 lucem
1421 1494 1648 1538 emittant.

45 1558 187 1601 Hisce
210 1553 470 1598 rationibus
487 1589 497 1605 ,
520 1563 683 1611 utpote
706 1569 802 1596 non
820 1553 1027 1607 levibus,
1050 1565 1096 1599 et
1118 1571 1223 1608 nos,
1256 1558 1518 1600 amicorum
1535 1574 1648 1602 con-

46 1621 162 1665 siliis
189 1619 395 1671 inducti,
418 1618 604 1661 relictas
631 1634 875 1662 JOHANNIS
903 1636 1197 1673 HERMANNI,
1222 1621 1516 1665 dilectissimi
1535 1624 1647 1667 dum

42 1687 240 1737 viveret,
266 1699 393 1727 nunc
421 1684 809 1726 desideratissimi
835 1686 985 1728 soceri
1009 1686 1184 1738 nostri,
1213 1686 1567 1732 observationes
1602 1699 1647 1732 et

43 1750 306 1793 studiorum
324 1748 502 1790 fructus
521 1783 531 1799 ,
558 1747 747 1805 publice
770 1749 984 1792 nondum
1008 1751 1246 1809 cognitos,
1271 1753 1476 1797 tenebris
1499 1764 1545 1797 et
1562 1754 1646 1798 ob-

41 1815 207 1858 livioni
234 1814 412 1871 eripere
428 1848 437 1865 ,
463 1823 677 1856 nostrum
699 1827 802 1856 esse
830 1816 1034 1858 maxime
1054 1817 1335 1860 censuimus.

95 1879 286 1922 Etenim
308 1879 585 1921 Hermanno
607 1893 793 1937 quoque
813 1890 994 1933 nostro,
1021 1881 1310 1925 observatori
1334 1893 1472 1926 acuto
1490 1893 1536 1926 et
1559 1896 1641 1925 na-

40 1953 144 1987 tura
174 1957 353 2001 usuque
385 1941 584 1994 callido,
616 1952 712 1985 tam
744 1944 925 1987 solertis
959 1947 1234 2005 subactique
1268 1949 1469 2005 ingenii,
1501 1962 1639 2006 quam

38 2023 170 2052 rarae
188 2018 234 2051 et
249 2007 534 2051 multifariae
551 2008 792 2052 doctrinae
810 2010 931 2062 viro,
949 2026 1094 2070 quum
1110 2013 1210 2070 pari
1229 2013 1385 2055 studio
1399 2023 1444 2055 et
1462 2013 1636 2062 ardore,

39 2073 300 2132 eodemque
337 2073 465 2116 felici
503 2088 725 2117 successu
768 2089 931 2118 omnes
970 2087 1162 2121 naturae
1198 2078 1465 2135 provincias
1498 2085 1635 2134 atque

38 2139 312 2182 universum
324 2138 550 2182 scientiae
566 2139 790 2182 naturalis
809 2140 1040 2185 ambitum
1052 2143 1117 2186 sit
1134 2143 1422 2200 complexus,
1437 2141 1634 2198 plurima
