2054 2748
279 125 364 185 513
636 125 1118 162 OBSERVATIONES
1168 124 1539 153 ZOOLOG·1CAE.

355 224 527 270 Cyprini,
547 230 595 252 an
614 215 789 251 Idbarus‘?
821 211 905 259 (sed
929 216 968 245 in
987 222 1071 245 meo
1099 214 1209 244 etiam
1228 213 1289 243 ani
1309 213 1424 256 pinna
1447 205 1555 242 rubra
1568 205 1597 254 ,)
1622 206 1734 242 Dors.
1749 205 1825 241 rad.
1843 218 1895 243 ιο,

240 288 243 292 ”
281 279 391 317 Anal.
418 290 566 315 11—12.
593 275 718 309 Ventr.
748 284 798 306 ιο.
824 271 926 305 Pect.
952 281 1003 315 ¹7·
1033 266 1147 302 Caud.
1169 280 1226 301 21.

456 356 870 409 CYPRINUS
916 353 1360 406 ELLICOLA,
1390 352 1527 397 nobis
1561 351 1727 396 dictus.

355 451 589 485 LONGITUDO
605 440 847 490 semipedalis.
876 442 1020 489 Corpus
1035 443 1260 486 castigatum.
1281 437 1495 472 Leuciscus
1508 435 1640 470 Klein.
1670 433 1786 470 Color
1798 433 1901 482 glau-

286 520 368 551 ωε,
389 505 527 555 pallide
550 500 729 536 coeruleis
752 498 942 546 rubrisque
967 495 1300 545 longitudinalibus
1323 499 1416 529 striis
1441 499 1582 530 varians
1602 505 1668 541 pro
1690 492 1838 527 luminis
1858 491 1902 526 il-

286 566 391 614 lapsu
412 567 520 599 vario.
558 560 741 607 Squamae
764 566 864 591 arcte
884 567 1087 605 appressae.
1123 552 1327 589 Abdomen
1353 550 1508 587 lividum
1538 549 1750 586 subrubeus.
1789 550 1904 583 Linea

287 620 446 658 lateralis
463 629 580 652 curva.
608 617 749 651 Pinnae
764 623 886 662 prater
897 612 1082 648 dorsalcm
1098 621 1134 647 et
1147 609 1341 646 caudalem
1355 608 1495 658 pallide
1506 607 1688 644 rubentes.
1708 609 1770 642 Iris
1785 617 1902 640 aurea.

288 677 433 727 Pupilla
464 674 606 709 inferne
639 672 811 717 dilatata,
839 670 1032 718 nigredine
1059 674 1160 718 quasi
1187 673 1226 703 in
1250 667 1381 702 iridem
1409 665 1530 701 effusa.
1559 663 1728 701 Dorsalis
1750 661 1905 700 ventrali

289 739 457 787 opposita
474 731 549 767 rad.
565 732 598 767 8.
624 731 725 766 Peet.
750 728 802 764 15.
824 729 950 763 Ventr.
971 738 1003 774 9.
1027 725 1137 761 Anal.
1152 737 1186 774 9.
1214 724 1329 759 Caud.
1350 736 1406 759 22.
1428 723 1579 758 bifurca.

649 813 1066 862 CYPRINUS
1111 810 1561 856 PHOXINUS.

363 904 435 940 Ao.
455 902 489 939 6.
516 901 641 949 (1797.
663 897 790 946 Febr.)
816 891 1056 933 examinatus.

363 963 484 998 Pinna
503 957 656 994 dorsalis
680 956 755 991 rad.
782 957 814 991 8.
841 955 925 990 alba
939 982 948 1000 ,
966 954 1044 989 basi
1067 962 1254 1002 punctata.

504 1013 700 1063 pectoralis
725 1011 800 1046 rad.
830 1017 880 1052 14.
903 1011 951 1044 ad
973 1022 1180 1053 sumlnum3
1200 1013 1365 1054 margine
1383 1012 1566 1041 anteriore
1588 1005 1747 1040 rubello„

505 1068 679 1106 ventralis
700 1066 775 1100 rad.
801 1067 833 1100 S.
858 1065 1053 1098 albissima.

507 1124 623 1160 analis
647 1121 724 1157 rad.
744 1135 779 1169 7.
798 1119 905 1164 alba3
932 1124 1098 1166 margine
1119 1121 1301 1154 anteriore
1320 1113 1479 1151 rubesso,

508 1180 671 1218 caudalis
690 1179 765 1215 rad.
789 1191 846 1214 20.
870 1176 1053 1213 flavimus.

369 1244 509 1279 Omnes
529 1239 584 1274 bis
601 1247 745 1274 tantum
764 1235 1015 1271 dichotomae.

371 1303 513 1348 Corpus
536 1309 612 1332 non
635 1300 703 1330 nisi
728 1303 830 1343 parte
854 1291 1002 1328 caudali
1023 1290 1218 1335 inferiore,
1237 1298 1335 1325 retro
1361 1293 1554 1324 cavitatem
1567 1286 1776 1323 abdominis
1793 1275 1923 1337 pella-

301 1359 435 1395 ciclum.
463 1355 620 1391 Ruboris
639 1351 754 1397 nihil,
777 1355 845 1385 nisi
865 1349 1007 1398 aliquid
1020 1354 1058 1383 in
1072 1347 1200 1393 cauda,
1216 1346 1364 1392 subtus,
1383 1352 1422 1381 in
1439 1355 1586 1380 mortuo
1608 1344 1795 1393 pisciculo.
1817 1347 1918 1381 Dor-

300 1428 380 1452 sum
402 1411 659 1450 coerulescens
674 1437 682 1455 ,
699 1420 783 1444 curn
803 1412 942 1451 virore,
962 1405 1079 1440 fasciis
1099 1409 1307 1439 transversis
1327 1402 1607 1451 quatuordecim
1627 1407 1819 1436 saturatius
1835 1415 1919 1438 coe-

300 1473 411 1508 ruleis
426 1499 435 1516 ,
451 1469 525 1504 fere
541 1466 736 1512 chalybeis.
763 1466 875 1497 Linea
896 1461 1056 1496 lateralis
1075 1465 1270 1496 tenerrima
1284 1487 1293 1504 ,
1314 1465 1351 1493 in
1372 1469 1500 1507 quarta
1520 1469 1622 1506 parte
1636 1458 1838 1494 latitudinis
1852 1465 1920 1494 cir-

303 1536 392 1566 citer
410 1533 610 1575 incipiens,
631 1533 711 1558 tum
730 1519 935 1563 declinata,
955 1528 990 1553 et
1014 1529 1135 1553 versus
1157 1515 1345 1551 abdomen
1365 1527 1542 1551 convexa.
1569 1514 1772 1549 Abdomen
1790 1528 1921 1563 argen-

303 1598 415 1624 teum.
442 1581 592 1619 Macula
612 1584 793 1627 nigricans
814 1576 861 1612 ad
884 1575 988 1611 basin
1017 1574 1177 1619 caudae,
1205 1579 1243 1607 in
1276 1572 1427 1607 dimidia
1455 1581 1559 1620 parte
1586 1570 1757 1606 inferiore
1786 1578 1922 1621 pinnae

305 1641 477 1680 caudalis.
505 1639 689 1687 Squamae
710 1639 995 1677 minutissimae,
1022 1636 1061 1666 in
1085 1640 1211 1667 ventre
1241 1639 1498 1666 evanescentes
1513 1655 1523 1674 ‚
1546 1638 1585 1664 ut
1613 1634 1719 1664 series
1739 1635 1923 1666 numerari

304 1707 503 1749 nequeant.
530 1698 594 1730 Iris
615 1693 810 1737 ssavicans,
832 1689 1058 1739 quandoque
1078 1687 1256 1723 rubedine
1280 1686 1425 1721 suffusa.

379 1754 481 1791 Talis
502 1750 698 1801 pisciculus
716 1753 884 1798 apparuit
899 1756 1066 1781 mortuus
1089 1755 1126 1781 et
1147 1744 1392 1780 sicciusculus.

379 1815 423 1849 In
441 1823 536 1860 aqua
556 1818 708 1858 apparet
733 1804 970 1855 sequentibus
989 1802 1186 1838 coloribus.

382 1871 497 1905 Linea
532 1871 713 1914 nigricans
745 1870 783 1898 in
813 1863 922 1898 dorso
957 1860 1147 1903 olivacco,
1176 1858 1419 1906 irregulariter
1448 1855 1646 1891 maculato.
1687 1856 1786 1890 Tum
1816 1855 1927 1894 fascia

310 1926 460 1977 pallida.
489 1926 572 1960 Jam
598 1922 712 1958 latera
737 1919 1036 1956 coerulescentia.
1062 1917 1201 1951 Venter
1224 1917 1339 1952 albus.
1365 1917 1507 1951 Pinnae
1531 1913 1657 1960 albae,
1684 1913 1823 1962 absque
1849 1914 1925 1950 ulla

311 1983 500 2020 rubedine.

385 2041 588 2086 Respiratio
620 2036 935 2083 sicquelitissillizl,
963 2041 1005 2067 ut
1032 2030 1182 2079 singulis
1212 2030 1325 2065 horae
1353 2035 1504 2065 minutis
1531 2028 1698 2064 secundis
1724 2041 1764 2062 os
1789 2034 1927 2076 aperiat

314 2096 546 2143 claudatque.
584 2092 796 2129 Moleculac
822 2096 926 2140 panis
948 2088 1116 2137 aliaeque
1135 2093 1185 2124 sic
1209 2087 1317 2122 simul
1346 2086 1540 2135 absorptae
1563 2095 1754 2121 momento
1780 2095 1864 2134 post
1882 2098 1928 2122 ex

315 2166 376 2189 ore
403 2159 610 2199 ejiciuntur.

388 2209 559 2258 Milling
577 2206 634 2247 rel
653 2205 771 2256 Pscel
788 2204 1168 2253 Argentoratensitmi.
1198 2203 1269 2237 Hic
1284 2201 1652 2248 Argentoratensiuni
1674 2198 1845 2248 mining,
1866 2204 1928 2248 qui
