2054 2748
755 155 1181 185 MAMMAL1A‚
1715 157 1768 200 73

244 244 346 280 Adeo
376 254 512 286 vorax,
548 250 589 276 ut
611 238 811 289 aliquando
837 249 907 274 tres
935 237 1162 286 placentulas
1189 249 1234 271 ex
1258 241 1398 284 ptisana
1434 236 1561 284 (tritici
1593 239 1743 273 corculo
1760 267 1769 284 ,

167 301 317 348 graalz)
346 310 382 335 et
400 299 495 334 lacte
519 308 660 346 paratas
683 306 845 340 voraret3
873 308 960 343 quas
981 307 1064 329 eum
1086 294 1159 331 vidi
1178 304 1215 329 et
1235 293 1404 328 manibus
1428 302 1551 328 tenere
1574 305 1610 329 et
1639 308 1771 343 magna

167 348 251 393 cum
265 356 453 405 voluptate
467 355 512 390 de
529 355 616 390 orbe
640 354 788 401 lingere.

238 413 334 449 Rubi
354 413 448 448 idaei
466 412 602 447 fructus
624 411 774 446 demum
795 420 941 453 vorare,
969 413 1078 443 etiam
1100 421 1220 443 cerasa
1239 418 1276 443 et
1301 419 1435 456 panem
1460 413 1622 455 impense
1650 419 1771 443 amare

168 469 307 505 didicit.
334 472 376 504 In
407 469 560 517 prandio
589 478 698 514 saepe
725 465 838 500 librae
862 464 1026 513 pondere
1050 464 1221 510 abstulit,
1248 475 1310 500 aut
1328 477 1460 512 magno
1490 470 1577 513 pani
1604 464 1770 500 adsidens

168 531 382 570 excavavit,
420 525 617 573 plurimum
643 527 819 557 corticem
847 522 980 556 rodens
1004 521 1278 569 negligensque,

240 584 455 618 Voracitatis
475 585 585 615 etiam
600 579 693 614 illud
712 578 925 627 exemplum
947 578 1064 613 fuerit.
1094 577 1246 611 Solebat
1269 583 1306 611 in
1330 589 1464 625 magna
1484 589 1593 612 cavea
1612 576 1773 612 inclusus

168 639 214 674 de
231 638 385 687 prandio
409 646 534 672 nostro
561 635 661 670 olera
683 641 848 684 accipere
863 664 871 680 ,
898 647 992 683 quae
1019 633 1255 669 solidiuscula
1279 633 1385 669 valde
1408 633 1555 669 amabat
1581 644 1617 669 et
1634 633 1774 668 affatim

167 695 334 739 vorabat,
367 692 487 728 solani
515 692 693 728 esculenti
721 702 761 727 ut
794 703 829 728 et
856 692 982 737 dauci,
1008 696 1217 739 pastinacae
1244 690 1403 735 radices,
1441 690 1660 734 brassicam,
1687 703 1771 725 cau·

166 750 356 799 lorapam,
391 750 586 785 brassicam
618 749 867 794 caulissoram,
902 748 1163 797 phaseolorum
1199 747 1384 795 legumina
1402 775 1411 793 ,
1450 747 1514 781 sed
1538 759 1615 781 non
1635 746 1774 782 inclusa

167 813 327 852 semina,
354 819 448 855 quae
471 819 661 855 nunquam
681 819 727 841 ne
752 811 903 841 tentavit
921 804 1096 853 quidem3
1122 810 1197 838 imo
1219 814 1255 839 et
1279 804 1379 838 olera
1406 802 1578 837 molliora
1595 831 1603 847 ,
1629 809 1681 837 uti
1702 809 1774 851 spi-

166 864 347 899 naeinam.
381 866 435 899 Ita
464 874 586 912 pastus
609 863 810 898 secundam
837 862 884 898 ad
908 873 1074 896 mensam
1097 870 1260 895 nostram
1288 859 1517 895 inferebatur.
1549 859 1672 906 Atque
1696 870 1776 894 tum

167 930 310 968 septem
328 933 445 969 pruna
469 920 660 956 mirabella
675 948 684 965 ,
719 932 813 968 quae
829 931 971 967 semper
989 928 1068 953 tota
1088 917 1349 960 decorticavit,
1381 926 1578 963 antequam
1598 926 1775 963 gustaret,

166 989 301 1012 nucem
331 976 569 1024 juglandem,
610 976 729 1022 butyri
757 982 969 1024 portionem
996 973 1175 1021 gustavit,
1210 973 1369 1020 denique
1396 971 1589 1007 dimidium
1625 984 1777 1020 parvum

166 1032 366 1068 lacteatum
389 1045 524 1081 panem
542 1033 692 1068 abstulit
712 1043 748 1068 et
771 1032 904 1081 cupide
925 1037 1020 1066 intus
1038 1029 1205 1064 rodendo
1231 1035 1429 1065 excavavit.

240 1090 323 1125 Vidi
353 1103 437 1124 eum
468 1099 611 1126 tantum
645 1089 906 1138 phaseolorum
933 1099 1102 1131 vorasse,
1133 1097 1173 1122 ut
1203 1099 1352 1121 mensae
1383 1086 1564 1121 secundae
1592 1085 1776 1122 adhibitus

167 1159 301 1181 nucem
325 1146 489 1182 oblatam
516 1160 595 1181 non
620 1156 782 1191 voraret,
815 1146 879 1181 sed
905 1145 1158 1180 absconderet.
1188 1146 1353 1179 Prunum
1383 1153 1506 1178 tamen
1542 1143 1776 1179 mirabellum

169 1202 292 1237 adhuc
312 1208 469 1247 voravit,
496 1203 601 1251 plura
624 1213 812 1238 voraturus
833 1201 926 1237 forte
946 1208 974 1236 si
994 1202 1077 1235 data
1097 1200 1257 1235 fuissent.

241 1259 329 1294 Edit
349 1271 497 1307 quoque
517 1259 711 1293 brassicam
730 1258 919 1291 conditam
941 1267 976 1290 et
994 1256 1100 1302 lingit
1118 1255 1251 1289 alicam
1269 1260 1306 1288 in
1327 1255 1559 1303 pulmentum
1579 1255 1775 1290 redactam.

169 1317 260 1361 Pyra
283 1321 401 1363 primo
431 1327 479 1349 ne
505 1324 661 1349 tentasse
685 1314 835 1360 quidem
857 1313 963 1347 illum
989 1317 1064 1347 visa
1085 1321 1178 1346 sunt.
1207 1312 1338 1345 Postea
1361 1321 1483 1345 tamen
1513 1323 1599 1356 pyra
1623 1311 1775 1346 Colma—

169 1375 299 1406 riensia
318 1376 443 1417 utique
469 1368 618 1403 abstulit
638 1376 674 1402 et
698 1367 920 1403 decorticata
950 1369 1097 1402 voravit.
1130 1366 1257 1402 Priora
1285 1376 1379 1415 quae
1410 1378 1489 1401 non
1519 1371 1687 1413 tetigerat
1704 1372 1774 1402 im-

168 1437 311 1463 matura
334 1435 445 1461 erant.

242 1482 505 1518 Avellanarum
524 1488 728 1519 recentium
750 1489 858 1519 etiam
882 1482 1081 1518 cuticulam
1102 1482 1228 1518 aufert.

242 1540 367 1586 Quum
385 1546 452 1575 tria
478 1553 595 1588 pruna
617 1540 809 1575 mirabella
835 1550 1016 1584 vorasset,
1043 1540 1132 1575 duas
1156 1551 1266 1574 nuces
1295 1538 1436 1574 oblatas
1457 1538 1714 1584 abscondidit,
1741 1550 1777 1576 et

169 1609 285 1645 pruna
312 1609 430 1632 rursus
452 1597 516 1632 sed
545 1597 669 1646 palato
693 1602 848 1632 serviens
871 1596 1004 1632 fructus
1026 1596 1093 1630 hos
1119 1595 1276 1631 horaeos
1305 1601 1453 1631 voravit..
1481 1597 1600 1630 Pruna
1634 1596 1776 1631 damas-

171 1665 262 1688 cena
290 1665 368 1687 non
396 1653 501 1701 plura
530 1666 642 1702 quam
673 1654 747 1689 duo
770 1666 912 1689 vorasse
932 1653 1028 1697 vidi,
1055 1662 1095 1687 ut
1116 1658 1228 1687 etiam
1254 1658 1463 1701 portionem
1491 1653 1643 1687 secundi
1669 1653 1778 1688 relin-

171 1720 308 1758 queret.
327 1712 480 1745 Postero
505 1711 564 1744 die
585 1722 699 1758 quum
712 1710 807 1744 bene
821 1723 972 1757 pransus
991 1709 1244 1744 admitteretur
1262 1710 1307 1744 ad
1324 1723 1487 1744 mensam
1509 1723 1641 1753 meam,
1658 1709 1777 1758 plures

169 1771 308 1802 voravit
326 1779 437 1801 nuces
458 1766 666 1811 avellanas,
693 1776 730 1801 et
748 1779 908 1814 prunum
926 1766 1186 1801 damascenum
1209 1772 1247 1800 in
1271 1767 1393 1802 medio
1422 1773 1581 1815 positum
1607 1767 1751 1815 reliquit
1769 1782 1776 1801 .·

169 1832 298 1871 postea
317 1835 475 1870 prunum
497 1822 591 1857 illud
613 1835 697 1857 cum
716 1822 909 1857 mirabello
931 1828 1160 1870 propositum
1189 1818 1352 1871 reliquit,
1386 1822 1460 1857 hoc
1486 1834 1606 1858 autern
1631 1830 1776 1859 vmnvit.

170 1879 447 1914 Damascenum
465 1891 584 1915 rursus
604 1884 699 1913 inter
716 1879 900 1914 avellanas
926 1885 1087 1926 positum
1110 1879 1204 1914 adeo
1232 1886 1386 1928 sprevit,
1412 1890 1451 1915 ut
1477 1887 1588 1915 etiam
1614 1881 1658 1915 de
1690 1881 1777 1915 orbe

171 1935 363 1981 dejiceret,
390 1945 426 1971 et
447 1936 653 1972 avellanam
671 1935 838 1971 auferret.
865 1935 1021 1970 Duabus
1048 1935 1222 1971 avellanis
1246 1942 1440 1984 propositis
1465 1936 1619 1971 alterum
1646 1938 1775 1972 rodere

171 1991 400 2039 adgreditur,
436 2005 524 2027 mox
553 1992 729 2040 relinquit
757 2002 793 2027 et
829 1992 982 2027 alteram
1011 1992 1176 2041 praefert.
1213 1994 1318 2027 Dum
1348 1999 1451 2029 istam
1488 2000 1584 2042 pzius
1618 2004 1775 2042 spretam

172 2048 311 2083 auferre
337 2061 397 2083 me
419 2049 514 2084 velle
535 2049 688 2094 simulo,
714 2049 875 2084 inillam
901 2062 983 2084 cum
1009 2055 1182 2096 grunnitu
1211 2049 1281 2085 levi
1300 2051 1502 2095 invehitur,
1531 2061 1564 2085 et
1584 2062 1776 2097 utramque

173 2104 340 2139 manibus
366 2106 598 2153 prehendens
621 2111 777 2154 primam
806 2106 1006 2154 praelatam
1041 2106 1171 2141 rodere
1200 2112 1402 2143 continu-it.
1432 2108 1598 2142 Incideris
1630 2117 1704 2141 turn
1738 2113 1776 2142 in

173 2160 384 2195 acervulum
402 2162 619 2198 nucleorum
643 2169 750 2211 pruni
769 2169 914 2210 reginae
933 2161 1108 2198 Claudiae
1138 2176 1253 2198 unuln
1273 2177 1396 2200 morsu
1415 2175 1552 2208 tentat,
1586 2163 1649 2198 scd
1675 2169 1776 2212 quasi

177 2215 338 2251 odorans
355 2230 517 2253 amaram
539 2218 771 2266 amygdalam
790 2219 915 2255 subtus
941 2218 1074 2264 latere,
1094 2226 1215 2257 statim
1239 2222 1364 2265 rejicit.

1488 2278 1524 2312 K
