2054 2748
282 129 359 172 152
672 137 1164 171 onssnvATmNEs
1198 138 1576 171 ZOOLOGICAE.

275 234 397 269 crant,
421 225 487 260 sed
507 224 702 260 brunneae.
729 226 901 259 Rostrum
918 223 1059 272 pallide
1077 223 1230 269 ssavum,
1252 229 1356 271 apice
1376 229 1493 272 nigro.
1521 224 1638 260 Pedes
1654 224 1792 273 pallide
1805 225 1887 262 flavi
1929 236 1933 242 ·

275 292 311 317 et
339 281 537 317 sordidule.
569 281 755 316 Scelerum
790 294 874 315 cum
906 291 1116 329 pararetur,
1151 293 1196 315 ex
1223 280 1362 315 ossibus
1391 287 1585 329 apparuit,
1612 282 1781 317 adultum
1809 295 1887 317 non

273 338 389 373 fuisse.
418 339 508 374 Meo
536 339 684 383 adulto,
716 349 827 385 quem
858 338 957 373 haud
984 337 1100 373 semel
1127 338 1224 382 vidi,
1255 347 1411 372 rost-rum
1439 337 1632 374 flavieante
1660 338 1886 383 olivaceum3

274 396 390 431 cauda
410 396 505 431 alba.
532 395 648 431 Pedes
663 400 755 441 nigri
775 407 882 441 vero,
909 408 986 432 non
1001 396 1103 441 flavi,
1129 406 1169 430 ut
1184 397 1385 429 Brissonius·
1407 393 1502 430 facit.

346 462 546 498 Pisciculos
571 467 680 495 etiam
701 471 868 496 mortuos
889 461 1089 511 aliquando
1111 461 1296 496 exhibitos
1322 467 1469 496 voravit.
1499 460 1572 495 Sed
1597 470 1632 496 et
1649 466 1727 495 sine
1747 460 1825 506 his,
1846 470 1887 496 ui:

273 525 418 554 insectis
442 518 589 553 credam
618 523 729 552 vitam
756 529 997 554 sustentasse:
1025 531 1113 555 nam
1139 530 1287 554 araneas
1311 519 1494 566 projectas
1525 528 1561 553 et
1590 523 1736 553 oniscos
1767 529 1886 554 rostro

274 576 436 623 collegit.
464 576 587 608 Etiam
607 579 654 608 ex'
671 575 787 610 rivulo
811 575 957 612 culinae
979 582 1103 624 purius
1124 586 1248 618 tamen
1270 585 1307 610 et
1326 575 1527 610 modestius
1544 588 1655 624 quam
1670 588 1776 621 anas,
1790 581 1887 611 varia

273 632 411 675 hausit,
430 637 506 665 sine
526 630 638 665 dubio
659 643 807 667 muscae
826 639 944 667 tenuis
960 632 1084 668 larvas.
1111 634 1241 668 Postea
1267 634 1469 681 projectam
1492 632 1694 680 ingluviem
1713 632 1888 667 numitlae

272 688 503 735 meleagridis
528 698 563 722 et·
583 701 710 722 carnes
733 690 809 734 ejus
830 696 978 724 voravit.
1007 691 1102 724 Mox
1121 688 1184 725 ubi
1203 695 1442 739 promptuarii
1467 691 1576 736 janua
1601 695 1802 738 aperiretur
1825 702 1887 724 ac-

273 758 414 781 currere
433 745 583 790 edocta,
603 755 639 780 et
658 746 854 794 plsciculos
873 759 918 781 ex
932 759 1043 782 manu
1060 753 1276 796 porrigentis
1292 753 1468 794 excipere.
1498 747 1761 795 Subputridam
1775 752 1888 781 etiam

272 816 420 839 carnem
435 803 539 837 avide
553 809 692 838 voravit
704 831 713 848 ,
731 814 767 838 et
787 803 859 839 fere
876 814 994 839 rostro
1010 810 1165 853 excepit.
1192 803 1430 838 Lumbricum
1444 803 1549 839 avide
1568 802 1757 850 deglutiit3
1773 802 1888 837 lacer-

272 872 348 896 tam
373 861 525 896 viridem
546 860 731 895 discissam
755 862 828 906 jam
848 860 1070 907 foetentem,
1094 874 1173 895 non
1199 866 1267 895 nisi
1293 865 1434 908 saepius
1459 860 1726 897 diverberatam
1750 869 1786 894 et
1813 858 1886 894 fru-

271 918 435 953 stulatim
453 924 553 965 quasi
570 917 808 964 degustatam.

344 982 565 1017 Hominibus
590 982 810 1018 assuefactus
834 982 973 1027 fuerat,
1006 996 1127 1031 neque
1147 982 1304 1030 amplius
1324 981 1390 1016 sibi
1414 981 1586 1025 timebat3
1616 992 1653 1018 et
1681 994 1795 1030 quum
1818 994 1886 1030 po-

272 1045 419 1082 tuisset,
444 1037 528 1085 fuga
554 1050 591 1071 se
619 1051 695 1072 non
714 1044 894 1086 surripuit.
925 1041 1063 1076 Contra
1089 1039 1274 1075 caniculas
1296 1048 1331 1073 et
1356 1037 1463 1072 felem
1492 1048 1662 1086 porrecto
1684 1049 1887 1086 apertoque

272 1106 390 1129 rostro
412 1100 488 1128 sine
509 1104 627 1128 metus
646 1104 708 1129 aut
727 1100 802 1128 irae
827 1094 1163 1140 demonstratione,
1185 1094 1383 1143 tranquilla
1404 1107 1489 1129 cum
1509 1095 1735 1130 confidentia
1760 1107 1798 1130 se
1822 1095 1886 1130 de-

271 1151 399 1186 fendit.
468 1153 471 1155 Δ

345 1218 434 1251 Post
455 1222 588 1265 primas
616 1222 837 1265 septimanas
864 1217 1029 1252 solutum
1057 1226 1132 1252 erat
1158 1216 1263 1251 filum
1287 1229 1361 1265 quo
1385 1223 1539 1265 remiges
1566 1216 1752 1264 longiores
1779 1216 1886 1251 colli-

271 1286 450 1323 gaveram.
479 1273 563 1308 Vidi
583 1286 685 1307 avem
712 1273 777 1308 alis
808 1273 1007 1322 plaudere,
1032 1284 1068 1309 et
1087 1284 1360 1322 praetereuntes
1380 1280 1532 1319 evitare,
1551 1283 1814 1322 prosequentes
1832 1273 1888 1307 su-

272 1344 374 1378 gere,
404 1344 473 1365 nec
510 1341 635 1365 tamen
662 1330 787 1378 fugam
819 1343 1016 1379 capessere.
1054 1331 1176 1366 Credo
1200 1330 1408 1367 chortalem
1435 1331 1515 1366 fieri
1538 1343 1667 1379 posse,
1692 1331 1806 1366 modo
1833 1340 1888 1366 sat

272 1387 370 1422 utilis
390 1386 508 1421 futura
526 1392 608 1420 avis.

345 1452 420 1486 Die
436 1450 490 1485 50.
504 1452 596 1485 Dec.
610 1459 776 1485 mortuus
790 1460 962 1498 repertus.
992 1453 1098 1485 Certe
1117 1463 1194 1485 non
1208 1450 1352 1496 inedia,
1374 1463 1461 1486 nam
1475 1451 1611 1486 famula
1627 1464 1720 1500 quae
1739 1451 1887 1488 amabat

273 1520 394 1552 avem,
408 1507 506 1555 large
522 1506 715 1542 nutriebat.
745 1506 931 1541 Clavicula
943 1506 1055 1541 fracta
1071 1507 1248 1543 sceletum
1267 1510 1431 1555 parando
1445 1508 1634 1544 observata
1649 1536 1658 1553 ‚
1676 1515 1752 1543 sine
1771 1509 1884 1544 dubio

273 1578 397 1601 caussa
418 1571 555 1599 mortis.
585 1564 822 1612 Speraveram
851 1564 987 1598 diutius
1008 1569 1212 1610 victurum,
1241 1577 1356 1613 quum
1384 1570 1531 1612 triginta
1558 1571 1663 1601 annis
1691 1572 1731 1601 in
1755 1565 1886 1602 chorta

273 1629 403 1661 vixisse
422 1622 541 1657 larum
560 1621 732 1668 glaucum
748 1620 879 1656 reserat
897 1620 1056 1668 Erzcycl.
1078 1621 1196 1657 me'clz..

347 1688 383 1723 Si
405 1687 585 1735 colligatis
613 1687 756 1721 alarum
778 1686 1069 1721 extremitatibus
1096 1696 1131 1721 et
1156 1687 1271 1722 cauda
1299 1700 1412 1722 manu
1434 1687 1642 1723 detineatur
1663 1697 1828 1723 mortuus
1848 1699 1885 1725 et

273 1760 319 1782 an
327 1757 480 1782 trorsum
495 1751 532 1779 in
550 1750 672 1780 aerem
690 1744 870 1788 vibretur,
890 1756 1025 1778 sonum
1044 1750 1197 1789 excitat,
1213 1755 1253 1779 111
1268 1745 1366 1779 solus
1386 1745 1458 1779 fere
1473 1755 1594 1780 motus
1608 1745 1671 1780 ille
1686 1756 1749 1781 aut
1762 1745 1884 1782 forsan

274 1809 336 1839 aer
353 1810 491 1838 irruens
510 1802 617 1837 illum
636 1801 842 1850 producere
859 1801 1048 1846 videatnr3
1075 1802 1177 1850 quod
1200 1811 1324 1836 tamen
1348 1808 1386 1837 in
1410 1803 1490 1837 aliis
1514 1802 1686 1850 deinceps
1713 1816 1792 1837 non
1816 1803 1884 1838 ob-

274 1866 419 1897 servavi.
1788 1862 1791 1863 ⁷

331 1928 430 1960 ‘Lari
458 1930 625 1973 piscivori
643 1935 728 1961 sunt
746 1931 887 1973 utique.
922 1924 1067 1958 Tamen
1087 1923 1201 1957 alium
1221 1930 1331 1959 etiam
1350 1924 1547 1960 animalem
1573 1931 1708 1960 victum
1728 1938 1806 1960 11011
1826 1939 1887 1962 rea

276 1993 421 2033 spuunt.
449 1984 518 2017 Ao.
544 1996 641 2030 ¹790·
665 1995 778 2031 quum
803 1982 897 2017 filius
922 1981 1040 2015 larum
1059 1991 1196 2015 secaret
1228 1982 1433 2028 (juniorem
1450 1987 1598 2030 utique,
1622 1992 1658 2017 et
1681 1982 1884 2030 pallidiori-

276 2041 343 2076 bus
362 2039 514 2074 maculis
538 2050 706 2074 ornatum
721 2068 729 2083 ‚
757 2039 820 2074 sed
849 2039 896 2073 ad
923 2037 1033 2072 aliam
1056 2043 1217 2086 speciem
1242 2049 1337 2073 certe
1365 2039 1463 2074 haud
1485 2045 1749 2088 pertinentem,
1771 2052 1884 2087 quam

275 2099 323 2133 ad
343 2102 563 2132 cinerarium
584 2107 646 2131 aut
665 2104 834 2132 naevium
848 2097 876 2144 ‚)
901 2101 1035 2144 reperit
1054 2095 1327 2142 semidigestum
1350 2108 1491 2131 murem
1505 2125 1513 2141 ,
1542 2101 1661 2144 capite
1682 2095 1786 2131 nullo
1806 2109 1884 2131 am-

276 2156 371 2204 plius
396 2164 608 2202 praesente,
632 2159 669 2188 in
689 2156 765 2199 ejus
788 2153 1014 2197 ventriculo,
1039 2158 1101 2201 qui
1127 2152 1191 2187 ille
1214 2159 1372 2200 agrarius
1393 2166 1479 2188 sane
1506 2166 1585 2187 11011
1603 2152 1690 2197 fuit,
1717 2154 1819 2201 quod
1839 2166 1885 2190 ex

278 2212 415 2247 caudae
433 2211 668 2259 longitudine
689 2218 856 2260 apparuit
881 2211 946 2260 (le
966 2211 1240 2259 Cczmpagtzol,
1270 2209 1386 2258 Buff.)
1413 2211 1477 2246 sed
1503 2210 1563 2248 vel
1587 2209 1802 2257 sylvaticus,
1826 2211 1885 2246 vel

1679 2266 1884 2314 musculus,
