2054 2748
230 161 286 207 60
598 165 1060 201 OBSERVATIONES
1105 166 1467 197 ZOOLOGICAE.

301 257 462 292 Illurem
476 255 678 304 talpinum
692 266 768 289 esse
788 257 851 301 qni
868 257 906 286 in
922 250 1121 286 Germania
1132 256 1286 286 nomine
1298 257 1409 286 muris
1422 251 1564 288 fossorii
1582 253 1838 302 (Roertmaus)

234 315 358 363 (quod
381 324 507 349 nostro
529 312 768 348 Sclaermaus
791 308 1009 356 respondet)
1033 319 1165 355 nocet,
1187 321 1265 344 non
1285 314 1437 345 sustinet
1463 310 1608 346 Pallas
1623 324 1634 346 :
1661 317 1725 359 qui
1748 323 1842 347 asse-

232 378 303 408 ruit
327 377 423 420 prius
441 399 450 416 ,
476 369 715 405 similitudine
735 365 962 401 tumulorum
988 366 1183 415 deceptus,
1210 379 1303 415 quos
1333 372 1455 415 potius
1491 381 1579 403 mus
1613 369 1843 417 ampltiln‘zcs

235 435 272 464 iu
306 429 422 464 hortis
461 428 732 463 Germanorum
755 423 803 458 ad
828 423 1031 472 querendas
1063 423 1203 459 radices
1235 423 1379 458 fodiens
1406 422 1540 470 elficit,
1573 430 1709 473 quique
1733 437 1843 474 saepe

232 491 317 522 satis
336 485 472 520 similes
491 493 574 519 sunt
593 487 704 516 muris
723 479 854 529 talpini
877 479 1074 516 laboribus,
1101 481 1242 517 Anim.
1262 493 1282 516 e
1310 480 1406 516 Glir.
1429 481 1506 516 ord.
1528 493 1564 529 p.
1599 493 1673 529 ¹79-

307 542 420 588 Quod
441 547 478 576 in
497 537 725 574 Handbuclz
744 550 814 573 zur
832 536 1056 572 Heilkunde
1081 538 1153 574 der
1174 538 1674 585 Pssanzen-Kmnlflzeicen.
1713 538 1845 588 Leipz.

239 600 339 646 1796.
383 612 420 646 p.
461 608 535 643 172.
571 595 618 630 de
650 606 755 629 mure
782 599 953 642 aquatico
987 594 1142 642 dicitur,
1179 607 1265 631 cum
1285 604 1413 631 nostro
1445 594 1690 642 schemam,
1735 608 1846 632 mure

234 658 399 691 terrestri
430 654 548 688 Linn.
576 663 723 700 prorsus
753 656 935 686 convenit.

305 713 426 747 Notae
457 710 503 745 de
538 721 641 744 mure
670 707 770 744 dicto
796 708 1019 744 Marmocce
1049 712 1088 743 in
1115 707 1224 744 Valle
1243 708 1394 758 Rupea‚
1426 707 1512 745 inde
1529 708 1620 744 mihi
1642 714 1772 745 missae
1787 721 1844 744 se-

235 778 411 818 quentes:

305 824 421 860 Paulo
449 824 567 869 major
592 833 646 859 est
676 835 780 859 mure
806 822 968 871 vulgari,
1004 821 1209 872 dentesque
1235 822 1351 858 habet
1382 822 1438 858 illi
1465 822 1610 858 similes.
1643 821 1719 856 Sub
1751 831 1846 859 terra

232 887 317 919 vivit
333 910 341 927 ‚
369 881 494 929 ibique
513 886 586 915 vias
605 879 692 915 facit
713 880 987 926 subterraneas,
1019 880 1256 929 tumulosque
1279 879 1352 915 illis
1374 879 1557 928 talparum
1572 878 1708 914 simiIes
1722 878 1847 926 efficit,

231 951 409 988 magnum
428 937 596 972 adferens
617 937 688 972 hac
713 950 750 972 re
771 938 949 973 damnum
968 943 1079 986 pratis
1095 966 1104 984 ,
1131 950 1225 987 quae
1247 936 1302 972 illi
1323 936 1484 985 placent.

307 995 426 1029 Color
448 999 613 1029 cinereus
633 1004 697 1030 est.
727 994 867 1028 Gauda
886 994 1029 1029 brevior
1046 994 1110 1028 illa
1140 999 1251 1029 muris
1284 993 1447 1041 vulgaris.
1475 992 1535 1028 Ab
1555 1006 1649 1041 aqua
1663 992 1846 1028 abhorret.

233 1052 345 1090 Unde
372 1064 511 1086 nomen
539 1060 752 1086 marmotce
776 1056 845 1096 sit,
881 1056 1051 1098 ignotum
1081 1060 1154 1096 est,
1181 1063 1267 1086 nam
1291 1050 1422 1096 hyeme
1452 1062 1530 1085 non
1567 1055 1666 1097 riget.
1694 1052 1734 1085 In
1755 1055 1848 1097 agris

234 1116 345 1145 etiam
373 1121 449 1144 esse
481 1118 629 1157 potest,
669 1107 734 1142 sed
762 1106 813 1142 ibi
840 1120 918 1142 non
941 1107 1169 1154 observatur;
1195 1120 1283 1143 nam
1304 1107 1441 1143 damno
1466 1106 1568 1156 quod
1588 1112 1698 1155 pratis
1726 1106 1848 1153 affert,

236 1167 313 1204 illic
335 1166 647 1201 animadvertitur.

306 1224 377 1258 Dm
406 1222 563 1257 Oberlin
588 1231 805 1270 sequentem
830 1221 919 1255 mihi
949 1221 1236 1269 descriptionem
1260 1222 1305 1257 de
1335 1227 1404 1258 isto
1434 1233 1558 1267 mure,
1585 1230 1781 1257 marmotte
1811 1225 1848 1256 in

233 1278 342 1313 Valle
369 1279 496 1326 Rupea
513 1278 635 1323 dicto,
662 1282 950 1312 communicavit
968 1278 1038 1312 Ao.
1064 1291 1162 1325 1771.

306 1335 457 1370 Dentes
486 1338 662 1382 primores
686 1333 875 1369 inferiores
897 1333 1067 1369 subulati.

310 1391 451 1425 Gauda
472 1390 647 1437 elongata
666 1389 835 1423 subnuda
848 1415 857 1432 ,
885 1389 1044 1423 duorum
1063 1390 1246 1436 pollicum
1261 1399 1346 1423 cum
1367 1390 1532 1425 dimidio.
1557 1391 1718 1426 Palmis
1739 1400 1851 1428 tetra-

236 1447 389 1493 dactylis
411 1458 497 1481 cum
519 1444 721 1492 unguiculo
744 1443 924 1492 pollicari.

312 1503 493 1539 Plantae
518 1500 811 1550 pentadactylae.

313 1561 441 1608 Caput
458 1558 641 1594 obtusum.
660 1557 885 1594 Auriculae
904 1556 1125 1592 rotundatae
1145 1556 1282 1595 vellere
1301 1558 1494 1597 breviores.
1522 1558 1698 1596 Dorsum
1721 1561 1852 1600 rufum.

241 1618 391 1656 Vensser
413 1622 556 1665 griseus.

310 1674 345 1709 A
366 1684 482 1708 rostro
503 1673 551 1708 ad
575 1671 731 1708 caudam
749 1681 907 1720 quatuor
926 1671 1084 1721 pollices
1105 1685 1190 1708 cum
1214 1673 1384 1710 dimidio·

312 1732 431 1778 Caput
466 1729 691 1778 triangulum
712 1728 983 1778 aequilaterale.

311 1787 383 1822 Ao.
412 1787 442 1822 5.
472 1786 616 1835 (1797.)
638 1788 685 1821 H.
709 1786 885 1833 Oberlin,
912 1792 1077 1822 cranium
1107 1787 1199 1822 mihi
1221 1793 1467 1836 comparavit,
1494 1788 1595 1835 cujus
1618 1777 1735 1824 fo‘rma
1761 1788 1852 1825 den-

240 1849 333 1882 tium
360 1843 577 1888 molarium,
604 1853 641 1878 et
660 1856 798 1879 corona
818 1849 856 1878 in
874 1848 1046 1879 interiore
1073 1844 1271 1879 molarium
1290 1844 1505 1880 inferiorum
1527 1855 1652 1893 parte,
1678 1858 1738 1880 me
1761 1859 1852 1881 con-

241 1908 416 1946 vincunt,
443 1900 701 1953 particularem
726 1900 833 1936 illum
859 1913 935 1937 esse
956 1906 1128 1950 speciem.
1157 1903 1282 1938 Cranii
1299 1901 1406 1949 hujus
1427 1902 1644 1950 magnitudo
1664 1902 1769 1938 illam
1791 1917 1853 1940 ca-

243 1964 328 2008 pitis
353 1960 489 2005 myoaei
510 1957 659 1993 nitelae
682 1968 826 2007 aequat.

317 2014 467 2050 Animal
490 2025 617 2063 postea
636 2021 786 2050 missum
807 2027 853 2050 ex
872 2014 1002 2049 eadem
1021 2013 1128 2049 Valle
1150 2016 1300 2064 Bupea‚
1327 2022 1480 2052 nomine
1507 2026 1745 2062 marmocce,
1772 2030 1852 2053 om-

243 2078 331 2110 nino
343 2083 396 2108 est
417 2085 504 2107 mus
526 2076 710 2108 terrestris
733 2074 851 2107 Litm.
879 2071 936 2108 vel
954 2081 1077 2107 noster
1099 2071 1349 2110 Schermaus.

316 2131 568 2165 Maximorum
583 2158 592 2175 ‚
619 2129 707 2165 dum
730 2129 979 2166 extenduntur
994 2158 1003 2176 ,
1029 2129 1225 2179 longitudo
1246 2144 1324 2167 non
1349 2130 1434 2181 plus
1455 2143 1567 2180 quam
1583 2131 1766 2180 pollicum
1789 2143 1854 2168 sex

245 2199 328 2224 cum
349 2187 514 2222 dimidio.
542 2186 690 2222 Caudae
717 2186 899 2236 pollicum
923 2193 1042 2224 trium.

318 2245 464 2282 Dentes
485 2242 720 2294 validissimi,
748 2250 878 2281 crocei.

1208 1319 1242 1341 'xxj
