2054 2748
882 130 914 158 A
944 127 976 158 V
1007 129 1032 156 E
1065 127 1097 156 S.
1718 138 1789 179 171

183 216 350 252 brevibus
365 213 564 250 intervallis
582 217 757 261 repetitos
776 211 902 248 breves
921 212 1146 260 gloterantes
1167 223 1278 247 sonos
1297 212 1431 258 edidit,
1452 226 1561 263 caput
1580 217 1794 268 collumque

181 283 360 310 consueto
380 284 483 307 more
505 283 654 319 gerens3
675 281 753 306 tum
774 281 923 319 quoque
947 269 1032 318 gula
1048 269 1281 318 aliquantum
1305 276 1481 318 apparuit.

255 329 448 378 Singulare
472 329 686 377 exemplum
704 328 887 364 vindictae
906 332 1132 363 ciconiarum
1152 327 1255 376 quod
1279 327 1472 375 Tubingae
1493 330 1647 375 accidit,
1675 344 1797 370 narrat

182 388 420 436 Kaysslems
432 397 591 423 nenesce
609 388 763 422 Reisen.
781 387 811 421 I.
822 399 859 434 p.
879 384 954 420 125.
972 398 1066 434 quae
1086 385 1303 421 confirmata
1322 384 1416 420 mihi
1434 394 1497 420 est.
1515 386 1568 420 Cf.
1589 387 1796 425 Sclmlzius

183 449 227 480 ιἰι
248 447 364 480 Μίεο.
383 446 479 481 Ναί.
503 446 586 480 Cur.
607 445 703 479 Dec.
725 445 758 478 I.
779 444 830 478 A.
851 442 883 479 6.
897 456 929 489 7.
956 442 1055 489 1675.
1073 441 1160 477 Obs.
1182 442 1257 478 166.

255 505 391 538 Coram
423 515 505 538 mea
529 514 613 536 cum
635 499 839 536 exultarem
862 505 939 548 ipsa
965 504 1076 534 etiam
1101 499 1438 545 eircumcxultavit‚
1466 510 1502 536 et
1521 500 1678 549 tripudia
1698 510 1798 551 quasi

181 566 274 608 egit,
302 572 386 595 cum
406 560 477 595 levi
493 558 647 607 querulo
669 568 706 594 et
724 557 879 593 stridulo
902 570 1005 592 sono.
1027 559 1168 605 Corpus
1186 567 1294 592 nacta
1314 557 1506 606 peculiaris
1529 557 1687 603 formae,
1713 572 1741 595 e.
1763 574 1796 608 g.

182 617 321 652 filtrum
349 630 395 652 ex
420 616 569 651 calamis
588 621 783 661 anserinis,
811 628 896 651 cum
925 620 1174 650 ostentatione
1196 625 1312 650 rostro
1333 615 1395 650 diu
1419 616 1652 652 circumtulit.
1678 619 1721 652 Ι11
1743 618 1797 653 1115

182 675 347 722 tripudiis
372 673 504 709 ardeae
518 679 597 721 grui
615 673 746 708 adfinis
761 683 823 708 est.
841 672 893 708 Cf.
914 673 1068 707 Kleinic·
1091 672 1461 720 Vogelgesclziclzce,
1481 687 1520 722 p.
1548 674 1624 709 125.

254 731 292 765 Si
312 730 397 766 loco
418 731 545 780 aliquo
566 730 787 780 pelleretur,
808 736 867 766 vix
887 741 986 778 terga
1006 729 1128 776 dedit,
1154 730 1219 765 sed
1239 742 1324 765 cum
1343 735 1519 779 gravitate
1540 740 1577 766 et
1600 729 1798 778 dignitate,

181 786 281 823 elato
303 793 423 836 capite
440 788 621 835 gradatim
640 793 854 823 retrocessit.

252 846 341 880 Post
361 844 505 893 aliquot
527 858 671 880 menses
697 845 830 881 edocta
855 854 930 890 est,
964 854 1050 881 ante
1075 845 1238 881 culinam
1259 858 1306 881 ex
1329 847 1472 893 rejectis
1495 843 1603 879 rebus
1623 844 1800 894 colligere

179 901 247 937 sibi
268 901 426 937 lautitias
443 931 451 947 ,
488 915 578 951 quas
602 902 649 938 ab
674 908 780 938 initio
802 909 909 938 nimis
930 909 1101 950 exiguam
1130 902 1179 938 ob
1203 903 1343 938 molem
1366 911 1558 951 spreverat.
1583 902 1799 939 Lumbi-teos

179 958 351 994 lubenter
381 965 540 1004 voravit,
577 966 688 994 etiam
718 959 938 1007 phalaena53
973 960 1210 995 scarabaeum
1237 959 1516 994 melolontham
1542 958 1668 994 multis
1693 966 1800 995 rostri

177 1015 309 1050 ictibus
330 1015 580 1051 diverberavit.
602 1016 780 1062 Quotidie
799 1016 940 1064 hepatis
963 1015 1189 1051 semilibram
1216 1021 1379 1061 voravit,
1406 1021 1521 1064 magis
1551 1015 1720 1052 famelica
1740 1016 1800 1052 fri-

178 1072 264 1121 gido
281 1082 459 1120 tempore.
491 1075 612 1108 Pisces
631 1079 738 1108 rostri
756 1079 860 1122 apice
885 1074 948 1108 diu
963 1072 1129 1109 versabat
1152 1083 1189 1108 et
1210 1078 1311 1121 quasi
1329 1072 1555 1120 degustabat.

250 1128 529 1163 Tenebrionem
557 1136 818 1177 mortisagum,
845 1129 1025 1165 foetidum
1047 1135 1248 1174 insectum,
1276 1129 1378 1177 quod
1402 1135 1551 1165 miratus
1576 1142 1681 1176 sum,
1714 1131 1799 1167 edit.

177 1185 330 1220 Catulos
357 1185 458 1232 felis,
494 1186 642 1222 luminis
668 1200 776 1222 usura
806 1189 881 1234 jam
905 1186 1129 1234 gaudentes,
1168 1191 1310 1220 occisos
1339 1196 1379 1221 ut
1403 1185 1626 1234 palpitarent
1654 1187 1798 1235 adhuc,

178 1249 365 1279 recusavit.
392 1245 547 1279 Larvam
575 1244 782 1292 phalaenae
802 1243 1041 1292 quercifoliae
1064 1241 1223 1277 multum
1250 1252 1367 1277 rostro
1394 1248 1572 1288 tentavit,
1603 1256 1798 1293 coenoque

178 1305 323 1344 mersit,
360 1305 540 1348 petiitque
563 1306 719 1346 iterum,
750 1299 814 1335 sed
840 1299 991 1335 tandem
1019 1299 1179 1347 reliquit.
1201 1300 1346 1335 Macras
1369 1299 1514 1334 libellas
1534 1310 1570 1335 et
1592 1301 1798 1349 papiliones

179 1357 412 1392 brassicarios
431 1361 580 1391 voravit.

252 1415 409 1447 Caseum
436 1411 542 1446 avide
566 1416 728 1456 voravit,
755 1411 818 1446 sed
844 1420 1005 1447 aversata
1028 1420 1080 1446 est
1103 1410 1149 1445 ab
1174 1416 1280 1446 initio
1314 1410 1507 1458 butyrum3
1535 1423 1664 1462 postea
1687 1421 1798 1454 etiam

178 1470 252 1506 1100
284 1474 468 1518 expetivit.
507 1470 700 1504 Lacertam
728 1469 881 1504 viridem
909 1468 973 1504 diu
1002 1467 1270 1503 diverberatam
1297 1469 1449 1504 tandem
1479 1483 1573 1519 aqua
1605 1485 1798 1524 coenoque

177 1539 335 1563 mersam
349 1531 498 1563 voravit.
513 1525 726 1561 Phalaenae
738 1532 919 1575 pavoniae
930 1530 1082 1560 minoris
1096 1525 1234 1561 larvam
1245 1527 1381 1573 rejecit.
1402 1527 1452 1562 D.
1479 1528 1530 1565 16.
1548 1530 1638 1576 Maji
1653 1531 1797 1581 aliquot

179 1584 306 1621 diebus
330 1594 528 1633 postquam
550 1596 698 1620 caseum
716 1594 904 1620 voraverat
927 1583 1011 1631 (sed
1030 1587 1155 1618 nescio
1176 1595 1225 1618 an
1243 1596 1290 1618 ex
1316 1596 1358 1619 ea
1382 1584 1529 1632 causa,)
1552 1592 1700 1635 copiose
1720 1590 1797 1626 stil-

178 1642 297 1677 lantes
325 1653 442 1690 aquae
467 1651 586 1690 guttas
608 1652 654 1676 ex
673 1648 779 1677 rostri
804 1648 896 1677 rima
924 1651 961 1676 et
980 1639 1198 1689 depluentes
1227 1653 1273 1675 ex
1292 1647 1396 1689 apice
1419 1642 1502 1678 vidi.
1530 1644 1584 1679 Ea
1604 1644 1663 1680 die
1685 1653 1796 1683 etiam

177 1699 283 1735 avide
301 1704 441 1733 voravit
464 1711 620 1734 caseum.
650 1699 834 1734 Famelica
853 1698 1044 1734 farcimina
1075 1697 1121 1733 de
1148 1697 1323 1734 craticula
1356 1698 1525 1746 abstulit,
1556 1701 1719 1739 culinam
1737 1710 1794 1740 in-

177 1766 278 1792 trans
300 1761 412 1790 etiam
432 1755 628 1803 placentae
642 1762 804 1805 speciem
823 1768 869 1790 ex
889 1755 1092 1803 amygdalis
1107 1755 1251 1791 factam.
1279 1757 1402 1792 Ovum
1421 1756 1580 1794 lacertae
1598 1760 1661 1796 diu
1681 1762 1795 1798 diver-

178 1813 346 1849 beratum
366 1813 519 1848 tandem
537 1820 696 1859 voravit,
716 1813 876 1849 alterum
896 1814 1031 1848 eodem
1050 1812 1164 1848 modo
1186 1813 1249 1848 diu
1265 1823 1447 1850 tentatum
1468 1816 1618 1852 tandem
1637 1817 1791 1868 reliquit.

179 1870 360 1906 Cochleas
376 1876 564 1919 aquaticas
579 1899 588 1917 ,
614 1870 775 1906 helicem
797 1870 1023 1920 (Bulimum)
1047 1870 1251 1919 stagnalem
1273 1882 1310 1908 et
1331 1872 1516 1922 (Bullam)
1541 1875 1793 1912 auriculariam

178 1933 319 1963 voravit
338 1940 423 1962 cum
442 1928 653 1977 voluptate,
675 1939 716 1965 ut
737 1939 859 1964 tamen
878 1935 976 1978 prius
1002 1928 1246 1965 diverberaret
1267 1942 1337 1965 nec
1357 1941 1556 1985 antequam
1575 1942 1665 1969 testa
1682 1933 1793 1971 sracta

178 1995 289 2031 esset,
305 1985 511 2033 deglutiret.
527 1986 684 2022 Meloen
706 1986 877 2035 (lyttam)
893 1992 1150 2022 vesicatorium
1169 1987 1329 2023 eundem
1347 1988 1468 2024 decies
1483 1996 1627 2038 repetiit
1639 2000 1675 2025 et
1688 1997 1792 2038 apice

177 2048 284 2078 rostri
304 2048 480 2090 gustavit,
506 2043 572 2078 sed
590 2056 718 2080 vorare
732 2050 930 2088 recusavit,
949 2049 1065 2093 prima
1084 2050 1162 2081 vice
1181 2057 1265 2080 cum
1279 2045 1402 2095 aliqua
1425 2047 1676 2095 indignatione
1691 2047 1790 2094 abje-

180 2109 287 2134 cerat.
315 2101 462 2134 Murem
481 2110 617 2136 rattum
636 2107 784 2138 voravit.

252 2157 463 2204 Nympham
479 2157 642 2206 sphingis
673 2169 823 2207 atropos
847 2165 963 2195 vivam
983 2158 1047 2193 sed
1067 2157 1310 2196 deformatam
1329 2173 1399 2196 nec
1422 2159 1692 2195 excludendam
1713 2174 1791 2198 non

178 2211 293 2246 modo
313 2218 451 2249 voravit
476 2215 541 2250 sed
565 2226 602 2252 et
621 2228 707 2252 cum
731 2216 920 2265 voluptate
940 2225 1083 2264 gustare
1103 2222 1178 2254 visa
1199 2227 1262 2254 est.
1288 2220 1478 2255 Devorato
1499 2216 1634 2265 leporis
1655 2225 1789 2256 ventri-

1464 2275 1499 2309 X
1525 2287 1547 2309 2
