2054 2748
252 125 331 184 198
634 138 1076 169 onslznvATloNEs
1118 138 1466 170 ZOOLOGICAE.

346 182 351 198 Ι

319 224 381 258 De
399 223 648 272 porphyrione
661 224 778 259 altero
790 223 1022 259 Aldrovand':
1036 223 1107 260 vid.
1122 224 1272 259 Incrod.
1289 226 1332 259 in
1346 225 1631 274 Otyccograplz.
1645 227 1862 277 ecZoolog.

246 280 447 328 Arragon.
476 282 574 327 1784.

321 339 379 373 An
405 343 556 374 varietas
584 351 631 373 an
653 342 791 386 species
811 337 949 374 diversa
969 350 1081 387 quam
1099 338 1212 375 habet
1230 339 1338 375 Asso
1354 367 1366 383 ,
1388 339 1607 377 Iam-odax.
1629 344 1672 376 in
1693 342 1863 390 Oryctol.

247 405 287 432 ec
304 395 474 444 Zoolog.
493 396 635 442 Arrag.
649 408 687 441 p.
703 396 760 439 78.
788 395 1102 444 nigro-violacea,
1130 396 1231 432 collo
1252 396 1379 432 subtus
1398 410 1559 444 cyaneo,
1586 403 1695 433 crisso
1716 399 1814 434 albo.

322 453 523 488 Gessuerus
542 457 653 486 etiam
675 452 759 488 Av.
775 452 833 490 ed.
859 454 989 501 Tz'gzcr.
1014 467 1052 502 p.
1074 454 1153 502 776.
1181 454 1271 490 dicit
1298 467 1336 490 se
1357 461 1539 503 picturam
1562 456 1775 505 Monspelio
1798 456 1863 491 ha-

248 510 388 556 buisse,
415 511 477 545 sed
496 521 616 554 rarae,
641 519 681 544 ut
704 510 841 555 credit,
861 517 945 547 avis.
972 513 1013 546 In
1035 513 1211 561 Hispania
1232 511 1521 561 frequentiorem
1544 526 1621 549 esse
1640 524 1816 549 autumat.

322 567 524 604 Edwardus
553 567 642 603 dicit
665 579 703 603 se
721 573 759 603 in
782 568 1024 618 ornithologo
1046 569 1140 605 libro
1161 570 1207 606 P.
1228 570 1360 606 Boelii
1371 599 1382 615 ,
1409 572 1553 607 ParisiiS
1573 571 1673 607 edito
1693 576 1865 620 reperisse

249 625 339 660 duas
367 624 527 672 eleganti
550 630 619 660 situ
648 625 811 674 depictas
839 639 945 673 aves,
972 633 1126 662 nomine
1155 628 1282 664 Bluec.
1310 629 1402 675 Quis
1430 628 1495 664 ille
1522 630 1678 668 auctor?
1703 630 1792 665 Non
1812 637 1867 664 est

248 684 287 719 P.
308 682 517 728 Bellonius,
548 688 611 731 qui
634 695 756 732 neque
782 697 922 720 nomen
951 683 1027 720 hoc
1046 713 1055 731 ,
1080 697 1201 734 neque
1231 686 1386 734 figuram
1412 686 1533 722 habet.
1559 686 1678 721 Addit
1706 699 1753 721 ex
1773 685 1866 721 Act.

248 740 376 775 Paris.
402 740 526 775 Vecer.
553 752 657 776 avem
679 739 776 777 hanc
798 754 902 777 more
921 748 1068 791 psittaci
1083 742 1207 779 cibum
1221 744 1317 792 pede
1335 743 1558 794 prehensum
1582 749 1638 780 ori
1657 743 1866 780 admovere.

249 797 290 832 Id
312 796 483 834 versaliis
503 797 738 835 observatum
762 811 849 835 esse.

798 888 1105 933 FULICA
1136 923 1306 934 .....

322 978 359 1013 Α
379 978 455 1012 Dn.
471 977 659 1013 Richardo
681 978 782 1025 1780.
804 979 838 1014 d.
861 980 914 1015 25.
935 983 1020 1015 Jun.
1040 987 1147 1015 missa
1168 980 1372 1016 Lunevilla.

322 1034 571 1081 Ilffagtziczcdo
597 1035 728 1070 ardeae
753 1041 1003 1081 nycticoracis.
1030 1039 1154 1072 Primo
1174 1047 1325 1086 aspectu
1344 1036 1494 1073 ardeam
1513 1048 1589 1072 esse
1609 1041 1745 1086 putavi.

325 1091 444 1124 Color
459 1103 536 1124 non
555 1091 759 1125 maculatus
772 1119 780 1135 ,
801 1101 1008 1138 guttatusve
1020 1119 1029 1136 ,
1055 1094 1120 1127 sed
1139 1094 1308 1141 simplex.
1336 1096 1580 1141 Ferrugineus
1594 1099 1633 1128 in
1650 1098 1869 1129 universum.

250 1149 370 1196 Caput
391 1152 506 1195 magis
521 1152 718 1182 cinereum.
748 1149 903 1183 Femora
924 1148 1116 1198 caudaque
1131 1155 1244 1197 nigra.
1274 1150 1440 1185 Dorsum
1466 1150 1754 1186 subolivaceum.

321 1206 508 1252 Remiges
529 1204 639 1240 rufae.
667 1205 817 1240 Axillac
836 1205 964 1241 subtus
983 1212 1057 1241 sive
1079 1212 1246 1243 tectrices
1268 1206 1456 1243 inferiores
1480 1213 1586 1256 nigro
1606 1206 1787 1243 fasciatae.

323 1262 452 1297 Pedes
473 1267 618 1298 cinerei.
651 1262 791 1305 Tibiae
811 1262 920 1298 altius
943 1263 1163 1300 denudatae.
1190 1265 1325 1312 Digiti
1345 1264 1480 1303 breves.

323 1319 447 1355 Frons
471 1332 601 1368 parum
621 1319 829 1367 denudata,
850 1319 924 1356 fere
942 1331 983 1356 ut
1001 1326 1041 1356 in
1064 1321 1306 1371 chloropode.

575 1423 897 1466 RALLUS
942 1423 1350 1468 LAGURUS.
1395 1425 1558 1469 Nobis.

324 1516 475 1550 Fuscus
487 1543 499 1558 ,
523 1524 683 1562 gutture
707 1514 914 1550 albicante
927 1542 938 1557 ,
959 1515 1077 1550 dorso
1094 1518 1440 1564 griseo-punctam
1454 1545 1465 1561 ,
1483 1526 1640 1565 pectore
1656 1527 1872 1566 ventreque

254 1572 451 1607 mzdulaco
467 1585 479 1606 .·
502 1572 638 1606 cauda
661 1571 840 1619 longiooe
855 1571 1007 1620 plumis
1028 1572 1291 1618 laxiusculis,
1320 1574 1674 1623 subpiliformibus.

324 1630 448 1665 Parva.
468 1630 633 1664 Porzana
652 1634 783 1665 minor.
804 1630 979 1665 Rostrum
1000 1628 1121 1666 breve.

324 1687 424 1721 Inter
442 1698 525 1721 aves
545 1691 705 1721 exoticas
733 1688 832 1734 1789.

472 1772 788 1826 RALLU'S
835 1782 1433 1829 INTERMEDIUS.
1479 1785 1644 1828 Nobis.

327 1875 456 1922 Supra
469 1875 635 1921 fuscas,
657 1877 766 1924 infra
786 1878 964 1911 cinereus
977 1903 989 1920 ,
1014 1875 1155 1919 dorso,
1176 1879 1296 1913 crisso
1309 1906 1321 1922 ,
1340 1878 1730 1927 ltypoclzondn'isqzce
1747 1880 1872 1927 nigris

255 1946 347 1968 cum
366 1936 481 1981 apice
502 1937 707 1969 tecericum
721 1935 938 1982 fuscat-um
960 1933 1055 1968 albo
1074 1934 1302 1971 maculam.

327 1991 592 2027 Intermedium
609 1992 685 2027 dixi
701 1993 750 2028 ob
771 1991 938 2028 colorem
956 1990 1038 2026 ralli
1059 1998 1241 2040 aquatici,
1260 2003 1419 2029 rostrum
1437 2002 1562 2029 autem
1581 1991 1663 2028 ralli
1678 2005 1872 2041 porzanae.

330 2051 467 2097 Captus
486 2048 559 2084 fine
578 2050 716 2098 Aprilis
739 2052 837 2098 1782.
852 2049 1109 2097 Argentorati3
1125 2059 1202 2085 tum
1218 2056 1351 2085 iterum
1373 2053 1471 2099 ¹739·
1487 2063 1580 2086 vere.

328 2105 418 2142 Sine
437 2106 549 2142 dubio
574 2107 609 2142 le
631 2108 734 2143 Rcile
751 2109 950 2143 Marouec.
970 2106 1132 2154 Eneycl.
1159 2107 1329 2143 me'clcod.
1352 2109 1530 2143 Oiseaua:
1546 2121 1579 2156 p.
1596 2107 1675 2149 405.

327 2163 453 2199 Multo
474 2170 596 2199 minor
617 2178 795 2214 porzana,
821 2166 908 2202 licet
930 2177 1088 2201 rostrum
1107 2179 1226 2216 aeque
1248 2165 1402 2214 longum
1423 2176 1459 2200 et
1485 2178 1644 2200 crassum
1668 2164 1873 2214 eademque

256 2220 382 2256 forma.
404 2222 519 2257 Color
540 2222 673 2270 juguli,
697 2230 857 2271 pectoris
876 2224 1161 2274 abdominisque
1180 2229 1344 2260 cinereus
1364 2234 1404 2261 ut
1425 2229 1465 2259 in
1484 2223 1578 2259 rallo
1595 2229 1766 2272 aquatico
1782 2251 1790 2270 7
1808 2222 1874 2259 sed
