2054 2748
249 143 304 188 68
597 152 1079 186 OBSERVATIONES
1123 153 1495 185 ZOOLOGICAE.

323 242 489 286 Mirum,
523 240 645 276 media
669 240 830 287 hyeme,
869 249 905 274 et
936 244 1015 287 ipso
1046 237 1201 274 solstitio
1230 237 1393 284 hyberno
1417 239 1488 274 Ao.
1517 253 1548 287 7.
1582 239 1727 288 (1799.)
1761 240 1855 289 pilos

248 299 340 334 adeo
362 298 468 333 facile
489 298 620 333 delabi.

321 356 445 401 Quum
479 365 586 389 autea
620 356 737 399 major
763 359 856 388 visus
884 352 1005 388 fuisset
1034 359 1152 389 sciuro
1178 352 1342 401 vulgari,
1379 363 1513 388 aestate
1537 360 1625 389 anni
1649 356 1681 390 8.
1707 354 1852 402 (1800.)

247 412 391 460 aequali
425 411 677 459 magnitudine
698 410 788 454 fuit,
828 410 986 445 multum
1018 416 1056 446 in
1078 411 1186 446 dorso
1212 410 1439 458 fulvo-grisei
1465 410 1616 456 habuit,
1647 411 1854 460 superficies

245 474 284 502 in
309 468 416 503 dorso
447 467 690 502 auricularum
722 466 933 502 nullatenus
955 467 1064 513 alba,
1103 467 1220 516 qualis
1252 467 1366 502 suerat
1392 468 1551 514 hyeme,
1590 468 1672 516 plus
1705 480 1854 517 quoque

246 524 334 560 fulvi
352 532 388 560 iu
405 524 575 559 lateribus
594 533 630 557 et
651 523 761 558 dorso
781 524 918 572 pedum
932 523 1077 569 habuit,
1094 537 1205 573 quam
1226 536 1324 559 auno
1349 525 1604 572 praecedente.
1632 526 1688 560 Eo
1703 537 1853 573 quoque

247 592 412 630 tempore
428 593 537 615 nuces
561 580 780 629 plerumque
801 591 1012 630 aspernatus
1031 591 1094 616 est.

318 639 466 673 Plurimi
488 637 560 672 cibi
584 638 850 674 animalculum
878 649 939 673 est.
967 637 1125 673 Meridie
1149 639 1223 684 jam
1249 644 1397 673 unciam
1422 644 1526 687 panis
1553 648 1590 673 et
1618 638 1706 673 duas
1730 650 1855 686 parvas

244 705 426 730 castaneas
457 705 664 740 voraverat,
691 705 727 731 et
749 696 871 731 adhuc
895 696 1000 731 avide
1022 695 1228 744 appetebat.
1256 697 1407 743 Vesperi
1435 695 1546 730 aliam
1574 701 1722 729 unciam
1750 701 1853 743 panis

244 751 338 786 bene
362 763 561 799 appensam
589 758 737 788 voravit.
767 754 892 798 Quum
914 751 1009 787 ultra
1028 752 1264 801 praeberem,
1283 753 1527 788 abscondidit.
1554 753 1857 800 Quotiescunque

243 818 367 842 tamen
389 808 578 843 lucernam
604 821 717 844 manu
738 819 866 844 tenens
885 809 1120 855 accederem,
1144 822 1190 844 ex
1209 809 1297 844 nido
1318 809 1466 853 exsiliit,
1494 819 1530 844 et
1549 815 1713 856 quinque
1733 809 1854 843 adhuc

242 875 430 900 castaneas
450 878 538 914 quas
557 866 719 914 praebui,
747 867 878 915 cupide
899 866 1065 902 absolvit.
1096 869 1169 901 Cur
1189 878 1323 915 panem
1348 865 1480 914 cupide
1509 870 1715 912 acceperit,
1743 877 1857 912 quum

241 921 352 957 aliam
365 922 482 970 pridie
495 922 697 970 praebitam
711 923 986 970 portiunculam
1002 922 1207 971 neglexerit
1219 951 1227 967 ,
1248 933 1284 958 et
1303 925 1485 969 jacentem
1502 922 1702 969 reliquerit,
1715 926 1855 968 ignoro.

315 978 486 1012 Sacchari
504 979 610 1013 valde
621 991 757 1014 amans.
772 979 996 1014 Saccharum
1011 979 1308 1027 pulverulentum
1324 985 1432 1014 etiam
1449 978 1649 1013 lambendo
1670 977 1856 1012 absumsit.

243 1034 440 1069 Cucullum
461 1035 694 1070 chartaceum
717 1041 754 1069 in
778 1048 851 1083 quo
871 1034 1087 1070 saccharum
1109 1036 1269 1071 candum
1293 1035 1476 1070 inclusum
1499 1045 1595 1079 erat,
1622 1034 1856 1082 cupidissime

242 1101 362 1126 totum
383 1092 568 1127 aufui-atus
592 1102 645 1127 est
664 1102 700 1127 et
719 1092 880 1127 abstulit.
908 1095 1097 1139 Laganum
1117 1092 1317 1127 lacteatum
1337 1105 1414 1126 non
1439 1092 1665 1127 detrectavit.
1692 1090 1767 1125 Sed
1793 1103 1857 1138 pa-

241 1157 334 1183 stam
355 1149 504 1184 crudam
531 1161 576 1183 ex
602 1149 725 1184 radice
754 1149 873 1184 solani
906 1148 1067 1184 tuberosi
1086 1177 1095 1193 ,
1122 1148 1324 1196 amygdalis
1351 1159 1386 1184 et
1412 1148 1587 1183 saccharo
1619 1160 1695 1182 non
1716 1152 1855 1194 tetigit:

240 1217 362 1252 neque
393 1215 429 1240 et
454 1218 565 1240 nuces
586 1212 716 1250 arrosit
739 1211 847 1254 pruni
872 1206 1092 1240 damasceni.
1127 1205 1293 1240 Cosfeam
1322 1218 1400 1239 non
1424 1215 1559 1240 tostam
1585 1210 1646 1240 vix
1677 1212 1856 1238 tentatam

240 1264 376 1308 rejicit,
396 1275 517 1310 neque
545 1262 615 1297 alia
640 1269 779 1297 semina
800 1265 875 1308 ejus
895 1272 1022 1310 postea
1046 1269 1173 1309 tangit.
1204 1264 1318 1296 anm
1342 1262 1512 1307 maydem
1534 1261 1666 1309 cupide
1686 1260 1857 1308 quidem,

240 1319 304 1354 sed
321 1331 398 1353 non
413 1325 482 1354 nisi
500 1318 649 1355 corcula
669 1330 792 1365 vorat,
808 1330 845 1355 et
864 1320 1014 1367 quidem
1033 1319 1122 1354 haec
1142 1329 1227 1353 aute
1246 1330 1357 1353 nuces
1370 1318 1562 1365 juglandes
1578 1326 1749 1366 appetere
1763 1315 1856 1351 mihi

241 1380 334 1409 visus
354 1383 416 1408 est.

313 1429 459 1464 Lambit
479 1441 674 1477 syrupum,
694 1439 731 1464 et
750 1429 906 1464 cosfeam
930 1441 1015 1463 cum
1036 1428 1140 1463 lacte.
1168 1429 1241 1462 Lac
1263 1427 1396 1476 cupide
1421 1427 1551 1463 lambit
1569 1440 1613 1462 ex
1640 1427 1729 1462 orbe
1745 1429 1853 1463 simul

241 1499 325 1522 cum
345 1485 485 1521 duabus
500 1486 696 1531 caniculis,
715 1486 769 1521 his
785 1486 872 1521 licet
884 1485 1145 1520 frendentibus.
1166 1484 1329 1533 Reliquit
1349 1495 1473 1520 tamen
1488 1495 1640 1532 sponte,
1653 1494 1853 1532 antequam

244 1556 354 1578 omne
373 1543 590 1578 exhaustum
611 1553 713 1578 esset.

314 1602 386 1634 Lac
409 1599 513 1633 avide
536 1598 681 1643 haurit,
720 1608 755 1633 et
785 1604 979 1646 praecipue
1003 1604 1031 1633 si
1059 1598 1148 1646 quid
1179 1597 1343 1633 sacchari
1368 1597 1555 1646 liquefacti
1585 1610 1786 1647 superesset
1816 1605 1854 1634 in

242 1656 357 1692 fundo
385 1656 521 1691 vasculi
546 1668 591 1689 ex
618 1668 691 1703 quo
718 1655 802 1690 thea
825 1654 1000 1690 hauritur.

315 1714 502 1760 Laganum
529 1712 714 1747 mellitum
740 1711 983 1758 majusculum
1000 1711 1151 1747 abstulit
1185 1721 1221 1746 et
1245 1724 1369 1746 vorare
1391 1716 1523 1758 coepit.
1549 1713 1690 1746 Panem
1714 1721 1852 1746 tostum

241 1775 398 1813 amavit,
425 1769 488 1804 sed
515 1769 662 1817 reliquit
691 1780 818 1804 contra
839 1781 975 1817 panem
1001 1767 1141 1803 cosfeae
1164 1768 1320 1803 decocto
1342 1780 1426 1802 cum
1446 1767 1541 1803 lacte
1560 1773 1737 1813 intincto,
1776 1781 1851 1816 quo

313 1825 459 1860 Theam
479 1832 588 1861 etiam
606 1832 684 1861 siue
707 1826 880 1861 saccharo
903 1825 1065 1873 tepidam
1088 1834 1196 1860 amat.

241 1883 388 1919 tandem
408 1882 501 1917 nihil
522 1890 635 1930 magis
658 1890 801 1918 amavit.

314 1943 448 1974 Carnes
475 1946 628 1988 respuit,
664 1941 728 1975 sed
753 1938 934 1987 fringillae
960 1937 1112 1973 coelibis
1144 1943 1309 1973 cranium
1335 1937 1484 1972 cerebro
1512 1936 1687 1972 exhausit.
1716 1937 1850 1985 (Quod

242 2008 276 2032 et
298 1997 453 2032 lemures
472 1996 639 2044 faciunt.)

312 2055 422 2088 Piscis
446 2059 601 2088 vesicam
626 2053 827 2102 aliquando
856 2058 991 2087 arrosit.

314 2109 515 2157 Juglandes
543 2117 720 2145 castaneis
742 2109 908 2158 praefert.
932 2108 1081 2143 Semina
1101 2107 1200 2142 iridis
1224 2108 1439 2155 pseudacori
1464 2120 1542 2142 non
1570 2112 1713 2154 tangit3
1738 2112 1850 2142 coicis

244 2168 422 2212 lacrymae
449 2179 526 2201 non
550 2173 616 2201 nisi
643 2166 757 2202 fracto
779 2178 864 2202 ante
888 2171 1085 2214 putamine.

310 2225 450 2260 Panem
465 2224 730 2260 crustulentum
749 2223 1100 2260 commanducatum
1123 2221 1291 2258 lubenter
1305 2231 1425 2267 vorat,
1445 2221 1509 2256 sed
1524 2226 1552 2256 si
1572 2233 1657 2256 cum
1675 2220 1848 2256 saccharo
