2054 2748
274 159 354 210 242
621 157 1109 192 OBSERVATIONES
1151 155 1524 186 200L0G1CAE.

271 255 426 286 mutatio
455 248 633 283 bufonem
662 248 789 293 juverit
802 246 818 279 '?
844 246 892 278 Et
910 244 984 289 jam
1005 242 1062 277 die
1087 256 1112 278 1.
1134 246 1222 277 anni
1240 241 1298 274 ΙΙΙ.
1322 240 1397 287 (22.
1421 239 1520 287 Sept.
1548 238 1666 286 1794.)
1697 237 1879 273 defossum

272 313 424 356 reperio.
440 305 548 340 Adeo
565 314 655 339 terra
672 300 831 348 indiget!
865 299 1017 336 Utadeo
1032 312 1108 333 non
1117 296 1350 346 geopluzgos
1362 309 1446 330 cum
1466 295 1664 340 veteribus,
1679 296 1743 330 sed
1759 301 1879 343 potius

271 366 467 413 geonaios
494 360 670 397 dicendus
690 365 743 393 sit.
775 357 969 391 Gesnems
989 359 1030 391 ιή
1050 354 1234 391 Animal.
1255 353 1456 388 divisione
1475 352 1692 386 secundum
1706 352 1878 386 elemen-

275 431 361 456 ιιιηι
384 423 426 454 ln
445 417 632 454 leonibus
652 416 792 449 Anim.
808 413 999 461 quadrus).
1029 413 1167 460 Tiguri
1192 411 1287 447 1560.
1312 423 1406 457 pag.
1426 420 1458 457 9.
1481 409 1589 445 dicit:
1617 408 1689 444 alia
1707 408 1878 444 animalia

274 483 313 512 in
332 487 425 512 terra
450 476 600 521 degere,
628 481 663 506 et
683 484 702 505 e
723 481 816 506 terra
838 475 974 515 vivere,
1001 475 1054 504 nti
1079 468 1240 503 bufones

347 543 398 577 D,
417 542 447 576 5,
467 537 636 572 Vindem.
667 536 743 584 (27.
770 535 870 584 Sept.
902 534 1022 582 179¹)
1049 546 1168 568 rursus
1195 546 1241 568 ex
1269 543 1363 568 terra
1386 537 1539 567 emersit.
1581 530 1711 566 Obtuli
1738 536 1883 566 oniscos

276 608 479 648 parvosque
496 594 706 628 lumbricos.
733 594 840 640 Pigre
855 605 892 627 se
915 591 1065 626 tandem
1084 596 1122 625 in
1137 590 1248 638 pedes
1272 595 1386 624 erexit
1408 589 1534 624 locum
1554 588 1785 636 aliquantum
1804 600 1884 623 mu-

280 667 376 698 tans,
397 663 433 688 et
453 656 765 699 circumspiciens,
790 661 978 697 unumque
997 647 1117 683 hausit
1132 654 1320 692 oniscum,
1347 647 1411 682 sed
1436 659 1514 681 non
1533 645 1684 680 solerter
1708 655 1749 680 ut
1776 645 1886 689 alias,

277 718 397 761 potius
422 720 476 745 ter
495 718 666 757 quaterve
689 713 727 742 in
751 719 813 742 ore
841 706 983 741 detenti
1007 710 1136 739 insecti
1161 709 1270 739 situm
1292 709 1446 739 mutavit
1468 712 1508 737 ut
1531 702 1681 737 tandem
1707 701 1887 748 deglutire

277 778 408 818 posset.
436 769 568 814 Neque
587 774 713 813 postea
738 763 857 799 ullum
876 762 991 798 alium
1009 774 1153 797 vorasse
1172 761 1368 797 observavi.
1396 762 1526 808 Neque
1550 758 1735 806 postridie.

350 834 402 868 D.
429 831 670 868 10.Vendem.
690 829 741 878 (2.
762 829 867 876 Oct.)
892 840 1012 863 rursus
1032 826 1281 862 obesiusculus
1305 836 1342 860 et
1363 831 1483 860 nitens
1504 829 1694 872 apparuit,
1719 822 1812 858 nihil
1838 833 1890 858 ta-

278 903 365 925 men
389 894 600 924 oniscorum
618 898 761 923 vorasse
784 885 875 921 mihi
897 891 991 920 visus
1013 894 1075 919 est.
1103 883 1262 918 Duobus
1287 882 1415 918 diebus
1438 891 1524 917 ante
1549 891 1684 916 terram
1703 879 1893 914 humecta-

277 959 411 982 veram.
440 948 626 980 Continuo
651 949 689 978 in
718 942 908 991 superficie
938 952 1055 977 terrae
1084 941 1314 985 observatus,
1347 940 1462 975 modo
1492 939 1745 982 macilentior,
1777 937 1891 972 modo

280 1003 449 1038 inflatior.
476 1002 518 1034 In
537 1000 610 1033 fine
626 1004 760 1032 mensis
780 1003 887 1045 pauci
907 1003 1023 1032 onisci
1040 1007 1244 1045 supersunt.
1272 997 1346 1030 Sed
1359 1002 1505 1042 segnius
1526 995 1703 1028 bufonem
1719 1007 1781 1028 eos
1801 994 1894 1042 ligu-

281 1065 351 1094 rire
375 1057 526 1090 observo
539 1082 548 1098 ,
563 1063 631 1088 nec
654 1054 749 1087 adeo
770 1059 960 1099 praecipiti
979 1053 1093 1087 modo
1110 1054 1273 1099 projecta
1290 1052 1424 1097 lingua.
1452 1053 1742 1085 Excrementum
1761 1049 1807 1084 ab
1827 1050 1894 1084 illo

282 1113 468 1150 redditum
487 1108 743 1152 molliculum,
772 1107 1035 1152 cylindricum,
1055 1116 1213 1154 utroque
1244 1105 1317 1140 fine
1344 1111 1596 1141 acuminatum
1620 1134 1628 1151 ,
1660 1105 1895 1153 longitudine

283 1169 468 1220 pollicari,
500 1170 659 1201 crassitie
689 1164 870 1198 linearum
893 1169 1012 1198 trium.
1043 1162 1169 1211 (Talia
1194 1161 1405 1210 colligenda
1429 1162 1583 1207 fuerint,
1611 1172 1646 1197 et
1666 1175 1750 1196 cum
1772 1175 1896 1197 excre-

283 1230 416 1261 mentis
427 1224 587 1259 altorum
602 1220 819 1256 animalium
834 1232 932 1254 mere
951 1225 1255 1255 insectivororum
1268 1247 1277 1265 ,
1291 1232 1322 1254 e.
1341 1232 1373 1267 g.
1393 1225 1535 1265 avium,
1556 1225 1811 1267 scorpionum,
1830 1230 1900 1257 etc:

285 1284 451 1329 chymica
470 1279 608 1324 analysi
628 1277 910 1326 comparanda.)
940 1278 1024 1311 Hoc
1049 1286 1215 1325 tempore
1236 1282 1350 1324 magis
1374 1288 1523 1325 quoque
1543 1281 1687 1324 pinguis
1708 1286 1744 1311 et
1763 1277 1899 1312 nitidus

284 1346 378 1377 visus
391 1367 400 1384 ,
423 1348 460 1372 et
486 1346 629 1385 praeter
650 1335 805 1370 modum
828 1333 983 1381 pedibus
1005 1338 1164 1377 innisUS,
1195 1343 1232 1368 et
1249 1338 1290 1368 in
1310 1333 1428 1368 altum
1446 1342 1626 1367 surrectus
1645 1342 1820 1380 protenso
1842 1346 1902 1370 ca-

285 1402 381 1446 pite,
401 1406 474 1442 quo
495 1392 569 1427 fine
594 1397 734 1438 ignoro.
762 1389 927 1438 Papillae
951 1400 1014 1424 aut
1038 1401 1210 1424 verrucae
1229 1395 1392 1436 corporis
1413 1389 1546 1424 lividae
1571 1389 1783 1437 (nunquam
1803 1390 1898 1426 adeo

286 1452 428 1489 vividae
444 1449 533 1484 mihi
554 1447 766 1482 observatae
786 1458 829 1480 ac
847 1454 931 1480 sunt
946 1450 985 1479 in
998 1450 1107 1480 icone
1126 1444 1307 1491 Roeselii)
1332 1450 1477 1492 punctis
1492 1450 1610 1493 parvis
1629 1451 1740 1493 nigris
1754 1446 1901 1494 adsper-

287 1520 358 1545 sae.
385 1509 502 1542 Lente
522 1510 634 1540 vitrea
656 1511 841 1552 spectatae
861 1500 956 1537 nihil
976 1501 1088 1550 plane
1107 1513 1284 1549 pororum
1306 1500 1399 1535 mihi
1423 1501 1633 1536 ostendunt.

361 1571 507 1608 Ultimo
530 1575 663 1604 mensis
691 1567 860 1603 Vindem.
890 1567 966 1615 (22.
986 1565 1090 1614 Oct.)
1114 1576 1246 1602 terram
1266 1567 1342 1613 jam
1364 1566 1499 1612 subiit,
1528 1566 1708 1603 devoratis
1732 1569 1903 1605 omnibus

290 1635 353 1679 qui
372 1628 623 1677 superfuerant
642 1630 785 1660 oniscis.

363 1695 415 1729 D.
437 1706 492 1728 ει.
513 1694 668 1726 Ventosi
690 1690 812 1738 (1795.
836 1689 870 1724 d.
891 1701 943 1724 12.
960 1687 1092 1735 Mart.)
1113 1699 1266 1737 apparet
1285 1694 1323 1723 in
1343 1688 1534 1737 superficie
1554 1699 1669 1724 terrae
1688 1690 1904 1727 macilentus

292 1762 329 1787 et
348 1750 512 1786 excolor.
539 1748 666 1783 Ossero
687 1753 873 1791 oniscum,
898 1758 1010 1794 quem
1033 1758 1142 1793 super
1169 1746 1281 1794 pedes
1307 1752 1509 1781 anteriores
1536 1758 1679 1781 currere
1707 1752 1812 1792 sinit,
1835 1761 1906 1784 nec

292 1817 471 1844 movetur.
501 1805 682 1840 Postridie
704 1814 830 1839 tamen
852 1809 998 1838 oniscus
1018 1816 1096 1838 non
1115 1803 1273 1851 amplius
1295 1813 1466 1851 apparet,
1486 1815 1606 1851 neque
1624 1802 1720 1849 julus
1741 1804 1906 1853 compla-

293 1876 399 1902 natus
412 1892 421 1910 ,
442 1875 552 1911 quem
567 1862 676 1897 simul
696 1861 789 1897 dedi.
818 1860 975 1895 Desodit
994 1873 1032 1895 se
1053 1873 1203 1909 quoque
1223 1873 1341 1895 rursus
1366 1859 1465 1895 bufo.

367 1931 436 1965 Ao.
451 1929 511 1964 IV.
536 1926 749 1975 (1796.f1ne
766 1926 877 1973 Maji)
902 1926 976 1961 duo
999 1925 1156 1961 bufones
1184 1925 1378 1961 calamitae
1398 1931 1532 1974 reperti
1556 1926 1717 1972 juniores
1738 1926 1907 1975 pollicari

297 1985 540 2034 longitudine.
567 1986 673 2020 Unus
690 1990 830 2032 positus
852 1988 891 2017 in
909 1982 987 2017 olla
1007 1982 1074 2017 sub
1095 1995 1295 2030 campana3
1322 1981 1415 2017 alter
1433 1987 1472 2016 in
1493 1981 1615 2017 horto.

372 2050 500 2086 Medio
525 2049 692 2096 Augusto
712 2060 828 2083 unum
850 2059 1020 2082 meorum
1045 2048 1227 2093 majorum
1252 2046 1435 2081 inclusum
1459 2047 1506 2083 ad
1534 2046 1763 2095 superficiem
1792 2057 1909 2082 terrae

299 2116 498 2144 immotum
516 2105 641 2140 sedere
661 2105 755 2149 vidi,
776 2105 903 2140 colore
918 2104 1011 2139 flavo
1026 2132 1033 2149 ,
1046 2103 1245 2139 tuberculis
1258 2109 1318 2138 vix
1337 2104 1616 2153 apparentibus3
1632 2117 1823 2151 nunquam
1845 2117 1909 2139 co-

300 2164 419 2199 lorem
448 2173 628 2207 mutasse,
653 2172 715 2197 aut
744 2172 857 2197 uncto
875 2162 994 2197 nitido
1016 2173 1172 2209 corpore
1189 2159 1317 2206 fuisse,
1345 2161 1446 2209 quod
1468 2167 1505 2195 in
1528 2160 1666 2195 bufone
1684 2161 1823 2209 vulgari
1838 2171 1909 2196 ter-

300 2227 401 2256 restri
423 2220 514 2255 olim
534 2219 830 2264 observaveram,
858 2219 942 2256 vidi.
968 2220 1102 2267 Neque
1128 2228 1164 2254 et
1184 2223 1374 2267 proposita
1394 2223 1532 2253 insecta
1554 2222 1711 2263 curavit,
1738 2228 1779 2253 ut
1797 2217 1910 2254 semel
