2054 2748
750 135 1142 164 MAMMALIA.
1697 137 1752 180 79

150 231 185 258 et
199 233 312 258 unam
325 233 459 256 nucem
478 219 653 255 defodere
664 247 673 265 ,
687 227 766 254 tum
779 216 933 252 alteram
947 229 1081 253 vorare.
1109 216 1181 251 Sed
1193 215 1287 251 illud
1302 216 1483 265 singulare
1501 223 1615 254 visum
1625 248 1633 264 ,
1649 220 1751 267 quod

149 291 283 314 nucem
300 279 417 326 pridie
436 277 691 313 absconditam
720 283 909 324 quaereret
937 283 972 308 et
1000 284 1180 321 repertam
1214 283 1381 318 voraret,
1415 286 1530 321 quum
1559 286 1750 311 momento

150 346 235 371 ante
245 348 380 372 novam
395 334 694 370 abscondidisset.
708 335 750 368 In
768 331 843 366 olla
856 330 970 365 humo
983 330 1093 378 plena
1108 330 1273 366 lubenter
1284 342 1396 365 nuces
1411 330 1584 365 defodere
1598 332 1749 369 solebet.

222 395 417 428 Instinctus
441 390 735 427 circumrodendi
763 389 864 424 cibos
887 387 980 421 adeo
1004 386 1058 421 illi
1077 393 1203 423 insitus
1219 415 1228 433 ,
1257 397 1298 423 ut
1317 393 1427 422 etiam
1450 400 1585 435 panem
1613 400 1751 425 crustu-

150 448 293 484 lentum
317 449 502 484 duriorem
529 445 677 495 (spiras)
715 445 985 490 circumrodat,
1022 454 1058 478 et
1090 449 1261 480 interiora
1292 444 1443 479 demum
1469 454 1581 480 voret.
1614 446 1753 481 Annon

150 506 244 542 adeo
270 505 405 551 odore,
431 517 556 540 annon
575 514 704 550 sapore
721 501 823 537 allici
845 501 994 547 debuit,
1020 505 1083 549 qui
1101 506 1211 535 etiam
1226 506 1264 535 in
1285 510 1403 536 crusta
1432 500 1558 536 fortior
1577 511 1630 536 est
1641 502 1656 536 '?

224 565 266 597 In
294 560 567 608 amygdalarum
594 572 765 595 acervum
787 559 953 594 incidens
979 568 1137 607 quatuor
1157 557 1265 592 simul
1287 557 1459 603 abstulit,
1486 570 1686 607 omnesque
1710 565 1755 594 si-

150 618 249 664 mul,
268 619 355 653 dum
373 626 536 663 voraret,
562 616 694 665 palmis
710 622 837 652 tenuit.
865 615 1042 652 Providus
1060 614 1201 650 futurae
1224 614 1310 650 fami
1323 621 1420 663 prius
1435 622 1628 664 prospicit,
1643 629 1755 665 quam

150 679 350 722 praesenti,
377 683 413 708 et
434 686 543 708 mane
564 679 603 707 in
621 673 797 709 conclave
822 673 998 708 admissus
1018 671 1106 707 duas
1129 684 1241 707 nuces
1267 678 1466 709 successive
1485 672 1553 707 sibi
1574 673 1673 708 datas
1693 674 1757 709 ab·

150 729 355 774 scondidit3
376 737 519 765 tertiam
536 730 686 765 demum
704 736 853 766 voravit.

221 787 374 821 Videtur
401 787 491 821 mihi
520 787 676 822 latentes
708 800 819 822 nuces
847 785 963 821 odore
998 785 1176 834 detegere.
1214 785 1461 821 Absconditas
1500 785 1566 821 sub
1604 786 1753 823 culcitra

150 843 291 880 videtur
307 842 491 889 olfecisse,
518 854 555 879 et
577 850 756 879 continuo
788 843 838 878 ibi
858 849 1040 892 quaesivit.

221 902 342 935 Nuces
367 910 566 949 antequam
583 901 788 937 abscondat
805 900 974 936 rodendo
994 912 1122 949 parum
1141 909 1278 945 tentat,
1300 899 1364 934 sed
1379 905 1418 933 in
1436 904 1572 934 cortice
1587 898 1758 946 subsistit,

150 969 271 1004 neque
290 961 414 1004 aperit.

221 1013 360 1047 Audito
380 1018 533 1061 strepitu
554 1025 691 1047 nucum
710 1018 748 1048 in
766 1025 872 1048 sacco
889 1022 1183 1058 commotorum,
1211 1011 1377 1047 celeriter
1396 1018 1561 1048 accurrit.

222 1069 297 1105 Ubi
323 1082 458 1104 nucem
479 1069 640 1116 arrodit,
666 1082 810 1118 semper
837 1070 968 1119 palmis
990 1080 1076 1106 ante
1096 1069 1182 1104 hinc
1203 1070 1289 1105 inde
1310 1069 1422 1106 volvit
1443 1079 1640 1119 gyratque,
1657 1077 1758 1119 quasi

150 1131 376 1173 aptissimum
412 1126 580 1161 rodendo
610 1126 737 1161 locum
767 1133 1015 1175 quaesiturus;
1052 1137 1088 1162 et
1114 1140 1257 1175 semper
1287 1126 1436 1175 quidem
1459 1140 1480 1162 a
1508 1134 1640 1163 vertice
1668 1129 1758 1164 mihi

151 1182 291 1217 videtur
313 1188 495 1229 incipere,
523 1195 597 1230 quo
620 1193 657 1217 et
670 1189 749 1230 ipso
771 1183 856 1218 loco
881 1197 948 1219 nos
968 1197 1099 1218 nucem
1115 1190 1274 1231 aperturi
1289 1183 1395 1218 cultri
1410 1189 1551 1230 apicem
1565 1184 1758 1231 infigimus,

224 1237 415 1285 Singulare
434 1238 529 1273 illud
548 1244 663 1274 visum
678 1267 687 1283 ,
714 1240 816 1286 quod
837 1239 898 1273 ubi
917 1245 1075 1286 primum
1096 1252 1142 1273 ex
1163 1251 1269 1273 cavea
1290 1244 1459 1282 emissus,
1486 1249 1638 1285 accepta
1664 1253 1758 1275 nuce

151 1307 263 1342 quam
286 1300 435 1338 arrosit,
463 1307 580 1342 eaque
601 1308 698 1331 cassa
718 1304 884 1342 reperta,
911 1295 1065 1331 alteram
1087 1295 1154 1330 sibi
1174 1294 1378 1341 praebitam
1404 1306 1482 1328 11011
1501 1300 1636 1341 pariter
1658 1309 1757 1331 arro-

151 1352 250 1385 deret
271 1376 280 1393 ,
306 1350 369 1382 sed
388 1349 641 1382 absconderet.

222 1405 396 1439 Arrosam
420 1415 555 1438 nucem
587 1409 647 1438 vix
677 1414 842 1451 unquam
862 1402 1097 1438 abscondidit
1118 1431 1126 1448 ,
1154 1403 1216 1438 sed
1236 1414 1380 1451 semper
1412 1408 1593 1452 integram
1611 1415 1759 1444 voravit.

150 1464 282 1510 Neque
313 1471 349 1496 et
378 1459 611 1495 abscondidit
640 1472 773 1508 panem
807 1465 861 1495 uti
888 1461 962 1506 jam
994 1460 1156 1506 dictum,
1183 1472 1406 1508 pomumve,
1440 1472 1503 1496 aut
1531 1462 1755 1501 saccharum.

151 1520 256 1555 Dum
270 1517 482 1562 abscondit,
500 1522 628 1552 innato
643 1523 818 1552 instinctu
837 1516 978 1565 palmas
997 1516 1043 1551 ab
1058 1516 1298 1552 exterioribus
1312 1527 1435 1554 movet
1454 1530 1572 1554 versus
1586 1525 1758 1557 interiora

151 1581 253 1624 quasi
272 1585 403 1610 terram
422 1580 644 1621 ingesturus,
671 1583 707 1609 et
727 1586 882 1609 vacuum
905 1579 1027 1608 aerem
1049 1572 1140 1609 ferit.

224 1631 298 1668 Ubi
319 1631 499 1666 defossam
519 1644 653 1666 nucem
680 1644 857 1679 quaerens
884 1644 962 1665 non
982 1636 1140 1678 reperit,
1166 1641 1228 1666 aut
1255 1637 1366 1667 etiam
1392 1631 1654 1668 adscendendo
1674 1648 1759 1683 pro-

152 1699 252 1724 tervo
276 1688 390 1722 modo
411 1694 450 1722 in
472 1699 588 1723 vestes
608 1688 784 1723 molestus
802 1688 1016 1723 deturbatur
1033 1687 1171 1723 ruditer
1184 1716 1193 1733 ,
1220 1695 1309 1723 utin
1327 1699 1457 1724 terram
1476 1689 1638 1736 decidat,
1660 1700 1760 1740 quasi

152 1744 439 1780 meditabundus
458 1744 617 1789 videtur,
646 1745 734 1792 quid
757 1745 802 1779 de
822 1744 886 1780 illa
907 1757 1002 1779 nuce
1022 1743 1160 1779 factum
1180 1751 1246 1792 sit,
1272 1756 1336 1782 aut
1360 1760 1406 1782 an
1428 1753 1520 1782 serio
1543 1757 1618 1783 tam
1633 1762 1760 1796 parum

152 1808 233 1838 miti
258 1801 371 1836 modo
391 1814 517 1836 secum
542 1811 678 1849 agatur.

217 1858 333 1906 Supra
350 1865 475 1907 scripsi
499 1871 688 1906 nunquam
714 1865 751 1893 in
771 1858 845 1894 olla
872 1858 1019 1893 floribus
1049 1858 1209 1894 odoratis
1233 1859 1450 1896 lavendulae
1473 1861 1626 1897 aliarum
1653 1863 1756 1910 (poc-

151 1915 304 1963 pozcrri)
331 1928 442 1950 nuces
472 1916 754 1951 abscondidisse.
791 1916 864 1950 Sed
893 1925 1021 1964 postea
1048 1921 1174 1964 utique
1199 1926 1268 1951 tres
1298 1923 1336 1952 in
1362 1917 1425 1952 illa
1448 1925 1601 1967 reperio,
1637 1922 1756 1955 Etiam

153 1985 265 2007 unam
285 1973 567 2019 decorticatam,
595 1973 696 2022 quod
716 1978 849 2021 pariter
872 1986 978 2021 supra
997 1979 1144 2020 negavi3
1171 1974 1235 2008 scd
1257 1981 1410 2009 0111111110
1431 1989 1511 2010 raro
1536 1977 1608 2012 hoc
1633 1977 1724 2011 facit.

225 2031 366 2064 Panem
384 2029 510 2065 album
531 2044 645 2079 quum
672 2033 743 2077 jam
768 2043 811 2065 00
834 2037 981 2065 satiatus
1007 2040 1097 2064 esset
1115 2062 1122 2076 ‚
1149 2030 1379 2079 negligenter
1402 2033 1568 2068 manibus
1599 2033 1757 2080 palpavit

155 2090 193 2119 in
211 2093 419 2133 pavimento
433 2117 441 2132 ,
469 2095 569 2137 quasi
590 2089 814 2134 defossurus,
840 2088 902 2123 sed
922 2087 1145 2135 peculiarem
1164 2089 1341 2136 angulum
1357 2099 1475 2125 tutum
1495 2103 1571 2125 non
1585 2094 1758 2136 quaesivit

156 2151 197 2176 tit
214 2142 331 2178 facere
356 2145 497 2181 solebat
524 2159 608 2180 curn
627 2145 780 2181 nucibus
796 2159 803 2179 :
831 2155 866 2180 et
885 2150 933 2179 sic
953 2155 1119 2192 apertum
1137 2145 1293 2194 reliquit.

229 2199 365 2236 Nactus
388 2214 523 2248 panem
547 2203 763 2238 dulciarium
783 2215 867 2238 crem
888 2201 1088 2249 amygdalis
1112 2203 1244 2251 cupide
1268 2210 1428 2250 voravit,
1455 2213 1491 2239 et
1509 2214 1623 2251 quum
1645 2207 1754 2239 simu—
