2054 2748
1710 153 1766 198 93

167 235 1588 257 ms.xxxxvus-sn.xwwmxxwwmmmwaexoemxwxmmaexw22,
1593 240 1766 255 xxm-„w

630 451 727 518 ΙΙ.
836 451 1292 518 AVES.

514 704 858 750 VULTUR
904 703 1189 748 MINOR.
1248 702 1411 747 Nobis,

161 790 352 853 ALBUS,
381 809 594 858 remigibus
616 812 766 857 nigris,
793 810 1015 845 rectricibus
1034 809 1430 856 fusco-marginatis.

234 867 444 915 Longitudo
468 866 515 901 ab
538 871 642 914 apice
665 871 771 901 rostri
793 866 840 900 ad
863 866 1000 901 caudae
1024 870 1293 901 extremitatem
1312 864 1415 912 pedis
1446 865 1552 897 unius
1582 871 1618 897 et
1639 861 1767 897 decem

160 924 350 973 pollicum.
370 922 579 970 Longitudo
599 928 705 956 rostri
719 922 766 956 ad
784 923 962 970 angulum
980 928 1050 957 oris
1061 921 1241 970 pollicum
1253 921 1410 955 duorum
1426 931 1511 955 cum
1524 918 1630 953 lineis
1645 919 1766 954 tribus.

232 980 344 1028 Apud
366 978 575 1013 Buffonium
595 977 723 1012 frustra
742 984 910 1026 quaesivi.

229 1038 318 1071 Non
337 1045 390 1070 est
409 1033 541 1068 Vultur
561 1033 680 1068 fuscus
702 1034 883 1069 Gmelini
901 1034 966 1083 Sp.
988 1035 1020 1070 8.
1042 1033 1128 1069 lieet
1146 1032 1400 1081 magnitudine
1418 1032 1662 1082 respondeat,
1683 1036 1769 1081 quia

156 1102 278 1129 totum
297 1101 406 1139 caput
424 1103 508 1125 meo
524 1090 686 1135 nudum,
707 1100 743 1125 et
762 1097 942 1139 remigum
965 1104 1060 1138 apex
1078 1104 1155 1126 non
1177 1096 1361 1126 convenit.

231 1151 363 1197 Neque
383 1158 418 1182 et
437 1146 569 1182 Vultur
588 1146 873 1195 leucocephalus
895 1147 1018 1194 ejusd.
1039 1147 1102 1194 Sp.
1125 1147 1156 1182 5.
1179 1152 1264 1195 quia
1282 1152 1449 1182 rectrices
1471 1158 1549 1181 non
1568 1151 1710 1193 nigrae,
1731 1154 1768 1180 ct

158 1215 292 1240 statura
311 1211 380 1239 isto
400 1203 511 1250 longe
530 1209 660 1237 minor.

205 1298 209 1303 ¹
231 1263 362 1308 Neque
385 1269 420 1294 et
439 1259 572 1293 Vultur
598 1264 718 1293 minor
737 1259 902 1305 Busforz.
922 1272 959 1305 p.
985 1257 1060 1300 164.
1082 1257 1361 1304 (Vazccomsde
1386 1257 1583 1303 Norvege.
1610 1256 1662 1302 pl.
1689 1255 1765 1290 etzl.

158 1323 237 1364 429.
254 1329 332 1350 non
349 1315 447 1362 449.)
473 1327 548 1349 esse
572 1315 724 1349 videtur.

227 1373 288 1405 An
306 1371 440 1404 Vultur
457 1374 689 1402 stercorarius
709 1369 895 1410 Peyrousii
914 1372 987 1400 sive
1004 1367 1181 1399 Alimoch
1200 1366 1500 1410 Pyrenaeorum?

228 1428 385 1462 Minima
406 1430 517 1460 totius
534 1423 709 1459 vulturini
729 1427 872 1469 generis
889 1427 1028 1470 species
1048 1421 1137 1455 mihi
1157 1421 1310 1456 videtur.

229 1484 367 1530 Accepi
387 1494 432 1516 ex
446 1482 578 1516 Museo
598 1481 787 1527 Bipontini
801 1479 938 1522 Ducis,
963 1483 1235 1525 permutatione
1257 1478 1432 1523 aliarum,
1452 1490 1563 1526 opera
1582 1477 1766 1514 Archiatri

156 1539 271 1583 Rose3
293 1538 436 1573 duobus
463 1536 621 1572 tribusve
649 1541 753 1570 annis
775 1545 860 1569 ante
885 1547 995 1582 quam
1015 1535 1187 1568 Museum
1208 1535 1555 1570 Carolimontanum
1569 1563 1578 1580 ,
1601 1535 1765 1583 splendi-

157 1596 343 1630 dissimum
363 1605 398 1629 et
419 1600 458 1628 in
475 1593 598 1628 avibus
617 1597 812 1640 praecipue
832 1591 1064 1634 ditissimum,
1085 1603 1198 1638 quum
1222 1603 1351 1626 omnes
1375 1592 1664 1637 Mauduytianae
1683 1605 1765 1628 aves

155 1653 348 1696 parisinae,
367 1657 461 1686 inter
485 1663 574 1698 quas
589 1650 770 1684 ducentae
804 1648 848 1682 ‘el
873 1657 1057 1683 trecentae
1076 1646 1150 1681 fere
1174 1659 1267 1695 quae
1288 1654 1324 1682 in
1339 1654 1473 1683 museis
1492 1650 1662 1683 Parisinis
1686 1661 1764 1683 non

154 1708 450 1756 reperiebantur,
476 1713 566 1741 istuc
596 1716 762 1739 coemtac
786 1714 924 1747 essent,
955 1703 1053 1738 bello
1085 1703 1309 1739 destructum
1338 1705 1482 1749 fuisset,
1514 1715 1553 1740 ut
1572 1704 1665 1740 haec
1690 1704 1766 1740 fere

154 1764 232 1799 sola
251 1770 296 1799 sit
312 1769 403 1807 avis,
430 1774 514 1796 cum
538 1761 684 1796 falcone
704 1770 739 1796 et
759 1766 866 1808 strige
887 1759 1056 1805 bubone,
1081 1772 1169 1809 quas
1189 1767 1323 1809 pariter
1343 1762 1427 1798 inde
1446 1761 1576 1808 habui,
1601 1774 1694 1810 quae
1717 1762 1764 1797 de

154 1833 281 1856 museo
303 1820 369 1855 illo
388 1824 578 1868 supersint,

226 1928 395 1964 vultures
417 1942 543 1964 omnes
569 1939 655 1964 ante
674 1929 917 1964 ventriculum
937 1929 1156 1976 ingluviem,
1186 1925 1298 1963 veluti
1318 1929 1505 1964 sacculum
1523 1928 1760 1978 propenden-

153 1994 229 2019 tem
247 1985 406 2030 habent3
428 1987 528 2033 quod
548 1992 585 2020 in
606 1986 773 2033 Gypae'to
798 1985 947 2029 vidisse,
970 1985 1097 2031 Rajus
1117 1988 1159 2019 in
1181 1986 1352 2032 Synopsi
1366 1987 1548 2028 Avium,
1566 2000 1602 2034 p.
1617 1998 1648 2032 9.
1669 1997 1761 2019 asse-

153 2047 208 2076 rit.
247 2044 370 2090 Atque
411 2043 482 2077 huc
512 2053 674 2091 spectare
705 2043 846 2077 videtur
877 2042 941 2076 illa
982 2041 1197 2076 Volkameri
1230 2042 1432 2077 observatio
1456 2071 1464 2087 7
1503 2043 1550 2077 de
1590 2055 1659 2089 qua
1690 2040 1759 2074 vid.

154 2098 357 2134 Fiscliems
372 2106 408 2134 in
427 2100 532 2135 Nov.
550 2102 640 2134 Act.
653 2098 771 2145 Phys.
785 2099 890 2134 Med.
913 2098 999 2134 Vol.
1022 2114 1047 2133 ι.
1067 2099 1153 2133 Obs.
1166 2099 1222 2145 ὃς).
1244 2101 1313 2133 Hic
1326 2099 1490 2134 sacculus
1510 2099 1601 2133 sorte
1616 2096 1759 2131 fabulae

153 2154 199 2189 de
219 2155 394 2202 pelecano
418 2157 540 2204 pullos
564 2162 712 2205 proprio
730 2162 904 2203 sanguine
920 2161 1104 2189 nutriente
1124 2162 1357 2190 occasionem
1378 2157 1486 2191 dedit.
1517 2154 1646 2188 Vultur
1666 2165 1759 2201 papa

152 2223 260 2258 saepe
279 2218 361 2246 sans
381 2212 557 2248 (listitictis
577 2213 816 2249 caracteribus
832 2225 897 2260 pro
919 2211 1102 2247 Pelecano
1120 2212 1259 2249 effictus
1275 2219 1442 2248 occurrit.
1458 2212 1543 2246 Vidi
1557 2209 1759 2258 ahquando
