2054 2748
279 145 335 199 94
637 148 1110 182 OBSERVATmNEs
1157 149 1513 180 ZOOLOGICAE.

278 237 459 273 vulturem
480 248 637 285 papam,
665 238 765 281 cujus
794 244 913 270 custos
939 240 1083 281 ignarus
1102 232 1246 268 fabulae
1271 232 1317 267 de
1346 232 1548 281 pelecano,
1584 246 1654 269 uec
1679 234 1881 283 quidquam

279 293 324 328 de
352 299 420 328 isto
453 305 661 328 memorans
681 320 689 336 ,
717 291 805 325 mihi
837 290 950 333 dixit,
983 289 1207 338 quandoque
1238 302 1340 324 avem
1371 300 1487 325 rostro
1511 291 1578 326 sibi
1602 291 1709 326 illum
1736 304 1883 326 saccum

278 355 437 397 aperire,
460 359 497 384 et
522 354 688 396 sanguini
707 353 846 382 exitum
870 358 1004 394 parare.
1032 346 1116 381 Vidi
1141 352 1179 380 in
1203 359 1246 381 eo
1269 346 1501 382 tuberculum
1522 353 1559 382 in
1580 359 1730 396 pectore
1754 360 1883 383 coeru-

280 406 436 452 lescens,
465 407 566 454 quod
589 411 758 451 magister
789 404 865 449 ejus
896 402 1146 438 duriusculum
1168 416 1242 438 esse
1270 404 1398 449 ajebat.
1427 404 1502 439 Sed
1524 415 1561 440 et
1578 405 1783 440 Bellom'us
1806 405 1882 440 Ob-

281 473 423 499 servac.
446 464 535 510 Cap.
555 463 610 508 78.
637 461 726 495 dicit
743 473 750 495 ε
778 460 948 495 Vultures
967 473 989 494 a
1003 472 1040 494 se
1058 465 1152 494 visos
1172 473 1191 495 a
1213 460 1408 496 comitibus
1431 467 1502 499 suis
1527 472 1677 500 vocatos
1701 474 1776 497 esse
1794 461 1884 510 peli-

281 533 411 567 canos‚
433 520 481 554 ob
499 516 777 553 similitudinem
797 529 881 551 cum
900 521 968 552 isto
990 522 1088 565 picto
1111 516 1291 565 pelicano.

658 620 922 664 FALCO
977 620 1506 665 OSSIFRAGUS.

353 720 477 754 Pssmzs
496 717 748 766 semiplumosi
768 723 806 752 in
825 731 918 753 meo.
946 718 1117 754 Rostrum
1139 725 1297 767 tarsique
1315 718 1504 754 ssavissimi.
1532 719 1635 753 Tarsi
1653 718 1778 753 subtus
1794 723 1888 753 inter

281 777 423 825 plumas
450 776 541 810 nudi
568 788 680 823 usque
701 775 747 809 ad
768 775 978 823 geniculum
992 804 1000 820 ,
1024 788 1128 811 nares
1148 777 1333 824 oblongae
1347 804 1355 820 ,
1375 775 1568 824 obliquae,
1588 788 1727 810 sursum
1746 785 1888 810 antror-

282 845 434 881 sumque
458 832 635 876 directae,
658 838 755 867 intus
774 831 909 867 lamina
932 831 1113 880 profunde
1139 839 1205 868 sita
1231 833 1375 868 divisae.
1403 834 1518 879 Regio
1543 838 1637 866 iuter
1659 831 1761 866 basin
1785 836 1891 866 rostri

283 890 486 936 oculosque
505 888 672 923 subuuda
685 916 694 933 ,
713 900 831 924 setosa
844 917 852 933 ,
876 889 1050 925 albicans.
1078 892 1140 925 Iris
1159 889 1358 925 avellanea.
1386 890 1490 924 Tarsi
1510 899 1610 924 scuta
1631 899 1788 936 septem,
1813 897 1892 923 tum

283 958 476 995 squamae,
502 958 694 993 rursusque
721 957 823 980 scuta
851 952 886 980 in
908 947 1050 993 digitis,
1070 953 1107 981 in
1129 953 1301 981 interiore
1326 959 1411 989 sex,
1439 952 1476 980 in
1495 946 1617 980 medio
1638 945 1833 989 tredecim,
1854 950 1893 979 in

283 1008 462 1038 exteriore
480 1012 564 1036 octo
578 1030 586 1046 ,
606 1007 640 1035 iu
666 1008 868 1050 posteriore
883 1008 1057 1049 quinque..
1082 1005 1179 1037 Inter
1194 1003 1285 1037 haec
1305 1012 1405 1037 scuta
1426 1013 1462 1037 et
1485 1002 1611 1037 subtus
1627 1008 1762 1050 positas
1780 1006 1892 1035 muri-

284 1069 381 1094 catas
401 1058 554 1106 papillas
574 1071 757 1106 squamae.
778 1057 997 1106 Amplitudo
1018 1058 1159 1093 volatus
1175 1059 1312 1107 pedum
1334 1071 1397 1093 sex
1416 1071 1501 1093 cum
1519 1059 1682 1094 dimidio.
1709 1060 1893 1093 Rectrices

284 1122 389 1163 nigro
413 1115 494 1163 plus
514 1121 634 1149 minus
662 1120 908 1163 marginatae‚
940 1120 1050 1149 etiam
1078 1116 1231 1150 maculis
1257 1121 1477 1165 punctisque
1507 1128 1734 1164 conspersae.
1762 1116 1893 1162 Margo

285 1178 437 1208 interior
461 1177 575 1219 magis
594 1184 702 1220 saepe
722 1183 833 1220 quam
852 1177 1022 1206 exterior.

635 1272 901 1316 FALCO
964 1272 1545 1318 CHRYSAETOS?

358 1371 484 1405 Falco
500 1399 506 1404 .
523 1398 529 1405 .
545 1398 552 1405 .
570 1398 576 1404 .
603 1382 693 1404 cera
714 1370 901 1409 obscum,
919 1370 1085 1415 pedibus
1099 1371 1240 1411 luteis,
1256 1371 1379 1414 fusco
1399 1371 1632 1417 sordideque
1651 1371 1745 1406 albo
1760 1373 1894 1414 varia)

288 1426 511 1463 rectricibus
531 1424 657 1466 albis,
687 1424 842 1458 ambian
867 1423 1043 1471 undique:
1065 1427 1188 1471 nigro.

361 1485 546 1519 Maximus
569 1492 604 1516 et
621 1480 885 1529 pulcherrimus
901 1493 1013 1528 quem
1034 1480 1197 1515 viderim.

362 1540 591 1587 Longicudo
611 1538 656 1573 ab
676 1544 779 1586 apice
795 1543 897 1572 rostri
915 1537 963 1572 ad
981 1537 1120 1572 caudae
1141 1542 1408 1573 extremitatem
1422 1537 1517 1574 ultra
1535 1547 1606 1573 tres
1625 1538 1746 1586 pedes.
1773 1540 1899 1578 Gauda

289 1597 401 1647 paulo
422 1597 571 1644 longior
596 1595 661 1630 alis
685 1594 924 1644 complicatis.
958 1595 1054 1628 Cera
1082 1594 1235 1630 obscura
1264 1594 1337 1629 fere
1365 1601 1465 1643 nigra
1488 1601 1541 1630 uti
1562 1605 1717 1631 rostrum
1733 1623 1741 1639 ,
1769 1610 1899 1644 parum

291 1654 441 1690 elevata.
469 1653 528 1687 Ad
549 1652 652 1687 basin
672 1658 779 1687 rostri
800 1661 898 1686 setae
918 1650 1062 1699 aliquot
1084 1662 1290 1687 antrorsum
1309 1662 1499 1700 porrectae
1513 1681 1522 1698 ,
1545 1661 1662 1687 rostro
1681 1653 1899 1688 incumben-

292 1722 354 1748 tes.
385 1714 458 1746 Iris
488 1709 652 1744 obscura.
680 1710 782 1744 Licet
804 1713 878 1743 avis
906 1707 1041 1742 abhinc
1073 1708 1184 1756 paulo
1217 1719 1347 1744 necata
1368 1709 1495 1753 fuerit,
1522 1709 1624 1743 nulla
1648 1719 1772 1745 tamen
1801 1711 1899 1746 iridis

293 1767 433 1803 flavedo
458 1765 639 1801 observari
661 1771 790 1814 potuit.
824 1767 943 1812 Caput
962 1763 1122 1811 fuscum,
1145 1771 1230 1801 satis
1249 1766 1428 1801 accedens
1448 1766 1495 1802 ad
1515 1776 1624 1815 caput
1646 1765 1799 1802 falconis
1826 1774 1901 1804 mei

294 1824 391 1859 fulvi.

366 1880 533 1914 Pemzae
547 1891 678 1927 corpus
696 1888 859 1926 tegentes
875 1883 913 1912 in
927 1882 1134 1912 universum
1146 1877 1271 1913 rhachi
1286 1889 1323 1915 et
1337 1885 1441 1928 apice
1456 1884 1565 1926 nigris
1577 1906 1586 1924 ,
1601 1879 1742 1916 ambitu
1752 1881 1900 1916 sordide

296 1937 380 1973 albo
400 1946 462 1971 aut
482 1936 696 1970 rul'escente.

369 1993 524 2028 Alarum
544 1996 747 2028 tecm-icum
773 1991 985 2026 inferiorum
1007 1989 1164 2025 ambitus
1187 1998 1301 2039 magis
1328 1992 1507 2037 albicans,
1533 1998 1761 2041 superiorum
1787 1999 1901 2041 magis

297 2051 426 2087 fuscus.
452 2051 637 2096 Remiges
660 2055 783 2096 nigrae
796 2077 804 2093 ,
829 2061 935 2096 supra
955 2057 990 2082 et
1009 2046 1110 2082 infra.

371 2108 405 2141 A
423 2106 530 2141 dorso
547 2116 708 2155 spectata
729 2112 802 2141 avis
820 2105 983 2140 nucham
1005 2104 1164 2139 ostendit
1186 2103 1314 2142 fusco·
1326 2105 1460 2150 rufam,
1479 2111 1517 2141 in
1540 2105 1661 2141 media
1679 2116 1781 2154 parte
1796 2106 1902 2143 color

301 2170 337 2198 in
360 2170 566 2198 universum
584 2163 780 2211 pallidior,
805 2173 987 2211 postrema
1010 2166 1109 2208 regio
1132 2174 1239 2210 supra
1261 2168 1480 2211 uropygium
1501 2161 1610 2197 fusca.

372 2221 549 2256 Bracccze
567 2219 706 2266 fuscae,
724 2219 801 2255 basi
821 2219 896 2254 rufa
916 2230 1132 2267 pennarum.
