2054 2748
904 142 990 169 ΑΥ
1027 140 1117 168 Es.
1729 146 1805 174 211

497 223 983 267 MOTACILLA
1032 221 1528 266 ERITHACUS.

276 319 477 352 ABDOMEN
493 316 643 351 rubrum
660 329 737 351 non
756 320 897 364 reperio
914 328 922 359 3
949 314 1014 349 sed
1029 320 1137 350 maris
1155 320 1320 362 nigrum,
1339 314 1497 350 feminae
1515 320 1712 353 cinereum.
1735 320 1810 354 Ex·

204 381 309 410 timas
328 378 499 408 rectrices
522 385 601 408 non
625 379 808 418 cinei-eas,
831 372 897 407 sed
923 371 1012 406 duas
1031 372 1168 407 medias
1191 372 1318 407 fuscas.
1352 371 1480 408 Invida
1500 381 1536 407 et
1555 371 1717 410 solitaria
1738 381 1811 411 avis

203 437 255 467 uti
275 430 508 480 praecedens.
536 432 644 466 Hanc
670 430 873 465 erithacum
887 428 1054 476 Augusto
1077 428 1310 477 frequentem
1328 428 1516 465 observavi
1535 433 1575 463 in
1597 428 1705 465 horto
1723 431 1811 467 Col-

202 493 393 532 mariensi,
407 487 613 536 papiliones
634 486 860 522 brassicarias
874 491 1017 533 egregie
1031 485 1232 521 devastans.
1259 486 1331 521 Sed
1351 485 1635 535 praecedentem
1654 486 1810 535 phoeni-

202 558 330 580 curum
354 544 422 580 sibi
446 550 672 591 incognitam
697 556 794 589 esse,
817 548 959 591 scripsit
982 541 1305 590 Schauenburgius
1329 543 1658 580 Herlishemiensis.

274 610 433 658 Elegans
461 615 612 645 varietas
640 609 685 643 A.
718 620 816 657 ¹790·
844 608 968 643 medio
995 608 1233 655 Argentorati
1261 618 1377 657 capta.
1424 608 1549 644 Gauda
1576 609 1664 645 rufa.
1700 610 1813 646 Collo

200 673 324 715 nigro,
346 672 383 701 in
399 678 472 714 quo
495 678 579 700 cum
591 664 824 713 phoenicuro
840 670 1024 702 convenit.
1052 665 1125 700 Sed
1149 675 1276 714 pectus
1296 672 1408 701 etiam
1429 671 1573 713 nigrum
1595 679 1670 702 uno
1691 674 1810 704 conti-

200 736 301 768 nuo,
326 735 441 771 usque
463 728 502 757 in
524 723 690 757 medium
717 722 916 758 abdomen.
957 722 1160 757 Abdomen
1180 729 1365 758 cinereum
1388 736 1457 758 nec
1480 723 1586 759 ullibi
1609 724 1812 773 quidquam

198 779 276 813 rufi.
304 779 471 814 Dorsum
498 789 534 814 et
557 789 681 815 vertex
702 779 1150 826 cinereo-coerulescens,
1173 781 1267 816 nihil
1291 780 1366 816 albi
1391 786 1428 815 in
1450 780 1592 826 fronte,
1620 781 1684 816 sed
1703 781 1811 818 litura

198 835 323 870 albida
342 841 380 870 in
400 835 477 870 alis.
506 836 566 871 Ab
589 837 751 872 erithaco
773 842 883 872 etiam
903 836 1094 884 nigredine
1114 837 1203 872 colli
1232 848 1268 873 et
1290 844 1449 886 pectoris
1471 847 1507 872 et
1526 843 1678 872 cinereis
1700 845 1811 886 parti-

199 891 265 927 bus
287 898 402 940 magis
426 898 464 927 in
488 893 800 930 coerulescentem
825 893 993 929 colorem
1020 894 1252 942 vergentibus
1272 894 1403 930 dissert.
1439 897 1662 942 Ipsissimum
1686 904 1811 931 tamen

198 948 400 983 erithacum
419 961 514 995 esse,
541 951 736 986 masculini
760 963 886 996 sexus,
911 949 1004 984 mihi
1023 961 1267 986 asseveratum
1292 961 1361 997 est,
1386 961 1423 985 et
1451 963 1551 985 nunc
1573 951 1664 997 (Ao.
1689 952 1807 998 1795.)

197 1011 417 1052 comparatis
437 1006 562 1040 avibus
585 1006 816 1054 persuadeor.
1528 1009 1535 1026 '‘

267 1065 376 1099 Hanc
403 1064 461 1112 (ni
480 1063 573 1099 forte
595 1065 817 1113 praecedens
836 1065 1085 1113 intelligatur)
1107 1067 1277 1111 hyemem
1295 1073 1333 1101 in
1353 1066 1593 1102 foraminibus
1612 1073 1810 1104 montium.

196 1126 392 1168 transigere
409 1127 588 1168 rigentem
611 1131 647 1156 et
666 1122 913 1156 dormientem
935 1133 981 1156 ex
1000 1127 1104 1156 variis
1125 1121 1438 1157 observationibus
1462 1122 1605 1170 colligit
1633 1123 1809 1159 Thoma-

195 1180 276 1211 sius
296 1180 338 1211 in
357 1177 480 1212 Μθηι.
500 1177 548 1212 de
569 1177 611 1212 la
630 1178 716 1213 Soc.
736 1178 784 1212 cle
804 1179 1033 1214 Laztscmne.
1072 1178 1112 1213 T.
1134 1180 1213 1213 III.

268 1236 443 1271 Nidisicat
472 1249 577 1272 more
608 1237 825 1285 phoenicuri
852 1244 890 1272 in
918 1237 1099 1272 domibus.
1138 1238 1189 1272 D.
1225 1238 1275 1273 15.
1303 1237 1483 1273 Messiseri
1508 1244 1642 1274 mensis
1675 1239 1718 1273 A.
1748 1242 1806 1276 III.

196 1293 290 1328 duae
320 1292 409 1328 tales
430 1293 594 1329 aviculae
618 1285 912 1330 semi-volatiles
936 1307 1000 1342 per
1022 1299 1207 1328 caminum
1232 1307 1357 1329 meum
1377 1295 1615 1341 deciderunt7
1642 1301 1680 1330 in
1707 1298 1808 1342 cujus

194 1362 338 1385 summo
374 1359 529 1385 matrem
567 1361 713 1397 oportet
751 1351 881 1385 nidum
919 1356 1089 1398 posuisse.
1152 1351 1193 1384 In
1230 1364 1338 1385 cavea
1370 1357 1556 1398 expositae
1590 1352 1687 1386 altae
1724 1363 1808 1388 sunt

193 1419 214 1441 a
237 1405 472 1453 parentibus,
501 1415 541 1440 ut
563 1405 666 1439 illam
693 1418 817 1439 curam
845 1417 960 1452 usque
986 1411 1025 1439 in
1049 1417 1166 1438 seram
1195 1417 1383 1453 vesperam
1410 1406 1458 1440 ad
1482 1416 1650 1441 octavam
1677 1407 1808 1444 horam

194 1475 279 1497 cum
302 1462 454 1497 dimidia
478 1461 553 1496 fere
576 1467 846 1497 continuarent.
872 1461 1068 1496 Buccellae
1087 1460 1233 1496 fuerunt
1260 1474 1349 1510 quas
1372 1462 1526 1498 attulere
1551 1473 1605 1499 sat
1631 1476 1806 1512 magnae,

195 1530 324 1553 erucae
344 1518 391 1553 ad
410 1523 605 1553 minimum
623 1518 838 1566 pollicares,
859 1517 1117 1553 crassiusculae
1130 1546 1139 1562 ⁷
1161 1531 1249 1566 quas
1263 1533 1341 1554 non
1356 1520 1480 1554 medio
1497 1525 1535 1554 in
1556 1533 1710 1569 corpore
1724 1535 1806 1571 pre-

193 1575 324 1610 hendit
343 1585 459 1611 rostro
473 1603 481 1619 ‚
501 1575 565 1610 sed
582 1575 627 1610 ab
650 1588 724 1610 uno
747 1586 912 1610 extremo
928 1573 1118 1624 pendulas.
1146 1576 1273 1609 Visum
1291 1576 1381 1612 1111111
1400 1587 1452 1612 est
1471 1588 1639 1626 parentes
1658 1592 1734 1613 non
1755 1586 1807 1614 ori

193 1637 389 1667 immittere
415 1632 479 1667 sed
501 1643 586 1668 ante
604 1632 727 1681 pullos
751 1639 871 1680 potius
891 1632 1088 1681 deponere.
1129 1633 1256 1666 Visum
1283 1645 1432 1682 quoque
1463 1645 1516 1670 est
1538 1635 1651 1670 semel
1673 1636 1732 1671 vel
1753 1636 1805 1671 bis

192 1699 348 1723 :matrem
377 1689 540 1724 avolasse
571 1689 695 1724 cibum
723 1689 846 1725 adhuc
875 1695 913 1724 in
940 1699 1055 1725 rostro
1080 1699 1294 1735 tenentem,
1324 1700 1363 1725 ut
1386 1697 1502 1739 prima
1531 1692 1598 1727 hac
1625 1699 1702 1727 vice
1727 1706 1804 1727 non

192 1745 420 1794 praebuerit,
444 1745 507 1780 sed
527 1757 615 1780 mox
633 1746 790 1781 rediisse.
818 1747 878 1780 An
896 1746 988 1781 forte
1008 1745 1160 1793 periculi
1181 1745 1320 1794 aliquid
1336 1753 1515 1795 suspicata
1528 1748 1646 1784 fuerit.
1675 1749 1805 1784 Obtuli

193 1808 360 1838 concisos
384 1801 607 1848 lumbricos,
631 1814 723 1851 quos
742 1801 848 1837 nullo
873 1802 988 1837 modo
1013 1808 1221 1850 tetigerunt.

265 1872 391 1906 Tertio
414 1871 474 1906 die
497 1871 589 1906 sedit
613 1884 699 1907 ecce
723 1883 810 1907 ante
833 1884 981 1907 caveam
1001 1884 1107 1906 soror
1130 1883 1254 1905 earum
1273 1899 1280 1916 ‚
1303 1871 1409 1907 nullo
1430 1873 1545 1908 modo
1568 1873 1635 1909 sibi
1657 1880 1800 1921 timens,

192 1942 212 1964 a
231 1939 347 1964 matre
369 1935 504 1977 pariter
521 1935 677 1974 nutrita,
701 1939 738 1964 et
757 1935 834 1963 sine
851 1929 963 1964 dubio
985 1928 1074 1963 illuc
1089 1934 1243 1976 migrare
1264 1930 1379 1975 jussa,
1400 1940 1439 1965 ut
1455 1932 1717 1979 compendium
1733 1932 1801 1966 sibi

192 1985 328 2021 faceret
348 1986 502 2031 laboris,
523 1997 559 2021 et
579 1985 711 2021 eodem
732 1998 843 2035 opere
867 1996 1062 2034 utrumque
1085 1985 1229 2033 pullum
1252 1991 1412 2021 nutriret.
1449 1988 1546 2022 ,Nam
1574 1988 1800 2023 inclusorum

190 2042 283 2077 alter
296 2048 434 2078 interea
447 2053 612 2078 mortuus
631 2053 716 2079 erat.
747 2044 827 2091 (An
845 2056 923 2079 non
942 2051 1063 2092 potius
1083 2048 1215 2077 sororis
1231 2055 1321 2077 vove
1334 2043 1537 2088 :idle-ctam,
1560 2056 1621 2079 ant
1645 2056 1799 2080 matrem

192 2109 312 2135 secuta
327 2099 373 2148 ’3)
405 2100 528 2138 Aliam
553 2102 628 2148 ejus
647 2113 800 2148 vocem,
824 2101 895 2137 hoc
921 2110 1108 2147 tempore,
1131 2105 1196 2133 nisi
1216 2100 1427 2148 stritlultun7
1451 2115 1527 2136 non
1547 2102 1675 2138 audivi.
