2054 2748
788 135 1176 164 MAMMALIA.
1725 127 1782 180 ¹75

183 222 290 267 dicit,
315 232 427 257 nuces
447 220 520 255 fere
540 219 757 258 detrectavit
774 228 811 255 et
838 218 1093 264 abscondidit,
1119 229 1241 266 neque
1267 222 1425 263 voravit,
1456 223 1523 253 nisi
1545 220 1606 255 ubi
1634 220 1782 256 illorum

182 278 276 313 nihil
298 284 498 325 reperisset.

253 336 399 369 Nucem
425 336 500 380 jam
518 344 646 369 tenens
668 332 874 379 rodeusque
886 330 949 365 ubi
969 343 1103 377 panem
1122 331 1313 365 lactarium
1333 342 1444 379 quem
1461 341 1536 366 tam
1558 333 1663 368 valde
1683 348 1783 370 ama-

182 391 265 436 bat,
291 391 431 435 obtuli,
458 391 556 426 hunc
581 401 730 438 quoque
749 388 902 436 pedibus
923 392 1093 430 retinuit,
1121 387 1241 422 donec
1262 387 1364 422 illam
1382 387 1606 423 absolvisset.

253 447 470 496 Aliquando
492 447 546 495 (d.
558 457 684 481 mense
698 443 800 480 Pluv.
810 457 841 479 a.
855 443 906 491 8.)
920 453 1068 477 mensae
1078 443 1252 479 admissus
1272 450 1382 479 etiam
1400 450 1558 480 maxime
1576 445 1663 480 alias
1678 459 1787 495 expe-

182 511 267 540 titos
289 505 390 540 cibos
413 504 604 547 fastidivit,
623 514 758 550 panem
786 500 1006 546 lacteatum,
1034 500 1252 546 crustulam,
1280 514 1444 550 pomum.
1472 502 1544 538 Sed
1569 502 1680 551 paulo
1705 516 1785 551 post

182 562 310 610 gluten
338 561 632 609 bibliopegorum
669 559 939 594 condensatum
960 587 968 603 ,
1008 557 1198 606 superficie
1225 571 1376 594 mucore
1409 559 1526 594 obsita
1556 570 1683 595 nactus
1713 560 1785 595 hoc

180 626 275 654 vesci
299 623 430 666 coepit.
458 617 570 653 Unde
592 616 742 651 abactus
769 616 920 663 argillae
941 615 1047 650 albae
1070 621 1281 664 portionem
1305 628 1349 650 ex
1377 628 1503 651 museo
1530 629 1612 651 meo
1641 617 1787 652 obviam

182 675 366 709 mordicus
387 673 583 721 prehendit
603 683 638 709 et
658 672 807 721 aufugit.
829 675 890 707 An
905 672 1007 721 quod
1025 682 1124 707 satur
1142 683 1252 717 esset,
1279 686 1325 707 an
1346 679 1425 721 pica
1446 673 1576 708 morbo
1590 673 1760 709 laborans
1772 678 1787 709 's'

253 730 429 766 Successu
460 737 654 779 temporis,
680 743 806 765 mense
834 732 998 765 Pratensi
1025 730 1095 764 Ao.
1115 732 1146 765 ὃ.
1174 729 1395 777 degenerare
1427 736 1561 765 sensim
1593 736 1686 766 visus
1713 742 1789 777 est,

181 797 217 823 et
241 800 262 822 a
290 798 420 822 natura
448 793 649 835 assignatos
677 787 780 822 cibos
809 799 987 835 respuere.
1015 786 1202 822 Fastidivit
1233 800 1346 822 nuces
1370 787 1586 834 juglandes,
1614 801 1699 835 pyra
1727 788 1790 823 da-

179 856 351 879 mascena
388 857 408 879 e
446 849 628 879 contrario
650 872 659 890 ,
703 850 788 880 vino
813 843 1111 891 aromatibusque
1152 843 1301 879 condita
1336 844 1469 891 cupide
1503 851 1678 891 appetiit:
1714 851 1789 879 imo

180 911 324 948 partem
350 907 572 936 anteriorem
597 901 749 949 clupeae
778 901 901 936 alosae
928 911 1073 936 coctam
1091 911 1128 936 et
1156 913 1250 949 aqua
1272 911 1518 945 maceratam,
1553 906 1727 948 quoniam
1751 908 1791 936 in

179 957 347 992 sceleton
377 957 565 992 redactam
591 970 806 993 conservare
837 958 1034 1006 parabam,
1065 970 1111 992 ex
1143 969 1238 1005 aqua
1264 957 1318 992 bis
1349 963 1528 1002 extraxit,
1555 967 1591 992 et
1620 958 1790 992 arrodere

181 1020 311 1062 coepit.

255 1069 361 1105 Sitim
373 1082 480 1118 aegre
495 1070 638 1106 tolerat.
668 1072 793 1117 Quum
807 1084 903 1120 aqua
922 1077 960 1105 in
975 1083 1085 1106 cavea
1104 1070 1159 1106 illi
1173 1070 1340 1119 praeberi
1362 1083 1440 1107 non
1458 1082 1596 1120 posset,
1612 1078 1697 1120 quia
1716 1085 1794 1107 vas-

181 1126 306 1161 culum
334 1127 496 1174 agilitate
520 1140 665 1176 semper
688 1127 894 1172 evertebat,
919 1138 955 1163 et
977 1127 1098 1162 cubile
1125 1128 1344 1164 humiditate
1372 1130 1608 1177 inquinabat,
1633 1135 1792 1177 primum

181 1183 284 1231 quod
303 1183 476 1228 faciebat,
499 1197 613 1231 quum
634 1185 800 1232 quotidie
820 1191 1058 1227 eximeretur,
1082 1195 1158 1220 erat
1179 1185 1273 1219 illud
1289 1213 1298 1229 ,
1320 1196 1361 1220 ut
1380 1192 1417 1219 in
1436 1199 1570 1233 aquam
1591 1186 1791 1229 involaret,

182 1249 219 1274 et
238 1239 351 1286 longo
366 1239 499 1274 haustu
518 1246 615 1274 sitim
629 1241 789 1284 sedaret,
806 1241 1029 1288 quandoque
1045 1246 1156 1274 etiam
1175 1246 1316 1274 iterato.
1335 1242 1482 1287 Aquam
1501 1247 1539 1274 in
1558 1253 1628 1287 qua
1644 1241 1792 1288 plantae

183 1301 323 1343 positae
349 1295 516 1341 fuerant,
542 1308 685 1344 semper
712 1296 891 1344 praeferre
916 1303 1010 1332 visus
1035 1305 1097 1331 est.
1133 1295 1228 1331 Bibit
1256 1308 1364 1343 saepe
1392 1305 1428 1331 et
1455 1295 1624 1331 multum.
1657 1298 1793 1333 Vinum

181 1363 315 1399 purum
333 1360 486 1384 recusat.

255 1408 325 1440 Hic
355 1404 550 1440 masculini
579 1416 689 1439 sexus
714 1433 722 1449 ,
758 1403 845 1439 odio
876 1403 1010 1438 habere
1040 1403 1157 1438 dictus
1194 1403 1364 1439 homines
1394 1405 1558 1452 ejusdem
1589 1419 1720 1452 sexus,
1755 1419 1794 1445 ut

182 1467 221 1497 in
241 1474 371 1497 manus
391 1474 519 1497 eorum
538 1461 699 1507 involet,
726 1471 763 1496 et
785 1461 967 1509 unguibus
983 1461 1226 1508 dentibusque
1245 1461 1445 1496 vindictam
1466 1474 1652 1509 exerceat,
1681 1477 1793 1512 quum

183 1518 339 1554 feminae
364 1524 492 1568 quovis
519 1519 633 1554 modo
667 1529 814 1567 tangere
850 1528 887 1554 et
919 1518 975 1552 illi
1011 1517 1201 1552 colludere
1236 1524 1387 1566 possint.
1414 1521 1467 1554 Ita
1498 1526 1598 1568 prior
1628 1534 1795 1569 posessor

186 1575 322 1610 retulit.
349 1577 397 1610 Et
418 1580 569 1610 omnino
587 1603 596 1619 ,
622 1587 738 1623 quum
761 1580 851 1610 vasis
877 1579 1016 1622 aquarii
1046 1575 1317 1610 intromittendi
1345 1589 1468 1611 caussa
1493 1588 1639 1625 portam
1664 1591 1794 1614 caveae

182 1638 383 1680 aperirem,
403 1637 471 1667 nisi
495 1632 620 1667 cibum
646 1641 756 1667 antea
777 1632 966 1667 offerendo
994 1636 1239 1666 attentionem
1259 1633 1334 1678 ejus
1353 1633 1426 1668 alio
1446 1633 1688 1681 abducerem,
1717 1648 1793 1671 ma-

182 1701 274 1723 num
301 1701 424 1723 meam
451 1700 624 1736 appetere
654 1694 747 1724 visus
772 1688 964 1724 hostiliter.
1002 1689 1098 1723 Mira
1122 1699 1177 1722 res
1211 1687 1328 1736 foret,
1365 1703 1477 1738 quam
1498 1691 1688 1741 hucusque
1715 1706 1792 1728 non

184 1751 254 1780 nisi
285 1750 323 1780 in
355 1750 466 1779 simiis
490 1755 719 1793 compertam
744 1744 931 1781 habemus,

258 1809 332 1845 Sed
355 1822 440 1844 ecce
470 1811 544 1855 jam
565 1822 658 1858 quae
682 1809 728 1845 de
754 1811 830 1856 ejus
852 1815 1043 1845 inimicitia
1074 1822 1156 1858 erga
1187 1812 1430 1847 masculinum
1456 1826 1603 1860 sexum,
1636 1829 1655 1851 a
1677 1821 1795 1864 priore

185 1867 261 1912 ejus
291 1866 442 1901 domino
467 1866 583 1901 relata
607 1876 711 1911 sunt,
734 1879 879 1915 prorsus
910 1866 999 1902 falsa
1027 1873 1178 1916 reperiO.
1207 1868 1314 1903 Adeo
1349 1883 1425 1905 non
1451 1881 1588 1907 temere
1615 1872 1704 1907 fides
1733 1873 1794 1907 lia-

187 1922 310 1957 benda
334 1933 388 1958 est
405 1922 564 1958 aliorum
592 1923 839 1959 relationibus.
868 1926 970 1960 Haec
989 1926 1064 1971 jam
1083 1924 1176 1960 forte
1196 1925 1395 1974 aliquando
1417 1933 1453 1962 in
1478 1929 1667 1977 publicum
1689 1936 1794 1964 emis-

189 1991 290 2014 surus
325 1992 447 2025 eram,
481 1993 596 2029 quum
627 1993 729 2016 casus
763 1980 833 2016 alia
865 1981 976 2029 plane
1014 1994 1073 2016 me
1108 1982 1227 2018 docet.
1274 1984 1382 2019 Forte
1419 1986 1626 2030 acciderat,
1662 1996 1700 2020 ut
1727 1985 1793 2020 do-

187 2041 423 2072 mesticorum
446 2037 576 2086 aliquis
603 2048 747 2086 portam
772 2051 902 2074 caveae
936 2049 1098 2086 apertam
1128 2039 1361 2088 relinquerat.
1396 2044 1438 2076 In
1475 2043 1691 2078 vestibulum
1724 2054 1794 2089 ego

189 2093 363 2139 prodiens
383 2106 507 2128 meum
521 2100 680 2129 sciurum
700 2094 855 2130 liberum
875 2101 1067 2143 exspatiari
1079 2096 1186 2131 video
1199 2125 1207 2141 ,
1227 2108 1263 2132 et
1281 2111 1407 2146 parum
1424 2099 1597 2142 abfuerat,
1613 2104 1700 2145 quin
1717 2098 1796 2134 felis

188 2149 393 2185 trucidaret.
421 2151 494 2186 Sed
515 2151 692 2186 facillimo
718 2158 867 2200 negotio
890 2162 1037 2200 captum
1058 2163 1093 2188 et
1116 2164 1247 2202 sponte
1267 2161 1304 2189 in
1328 2156 1500 2190 humeros
1520 2155 1740 2189 insilientem
1757 2161 1796 2190 in

190 2204 365 2241 conclave
387 2206 521 2243 defero.
548 2208 601 2244 lbi
630 2208 774 2245 blandis
792 2215 864 2245 suis
884 2208 1047 2244 moribus
1068 2222 1196 2246 omnes
1223 2211 1394 2248 delectat.
1423 2213 1459 2246 Si
1482 2212 1571 2246 olim
1588 2216 1625 2246 in
1643 2223 1795 2248 manum

1479 2269 1515 2303 K
1542 2281 1564 2303 2
