2054 2748
231 178 286 222 28
598 187 1060 222 OBSERVATmNEs
1105 188 1466 219 zooLofflcAE.

230 274 354 310 illatus
374 273 482 310 fuisse
502 275 689 321 credatur,
707 275 769 310 ubi
788 279 987 310 successive
1009 278 1161 310 varietas
1179 273 1270 308 haec
1294 272 1440 309 exculta
1465 283 1519 309 est
1541 283 1576 309 et
1600 280 1639 309 in
1664 274 1753 310 alias
1778 288 1840 312 va-

230 337 376 368 rietates
399 332 464 381 pili
485 341 553 368 etc.
581 332 841 380 degeneravit?
859 330 992 387 Solent
1009 343 1117 380 saepe
1136 330 1322 367 auriculae
1338 358 1346 377 ,
1362 342 1450 379 quas
1464 331 1644 380 pendulas
1658 345 1839 379 amamus,

229 389 277 424 ad
291 395 485 438 pristinum
507 399 668 425 erectum
690 395 798 424 situm
822 388 949 423 redire.

303 447 423 482 Amor
438 447 620 482 fructuum
634 475 643 492 ,
669 457 820 482 uvarum
835 473 844 491 ,
870 456 1099 490 cerasorum,
1124 444 1328 493 fragorum,
1351 453 1431 480 tum
1459 444 1625 481 fodiendi
1648 452 1840 483 instinctus

230 515 341 552 quem
367 510 407 540 in
437 503 673 553 quibusdam,
703 508 898 551 praecipue
923 508 1086 538 extrariis
1112 514 1182 538 var.
1209 502 1257 537 K.
1281 500 1457 547 observo,
1492 507 1672 551 originem
1699 516 1721 539 a
1749 517 1839 539 cane

230 574 341 597 aureo
363 573 398 598 et
418 561 526 610 vulpe
549 560 705 608 prodere
725 560 876 595 videtur.

302 621 391 655 Mea
418 616 583 653 canicula
605 616 690 652 alba
711 615 1019 653 fulvo-maculata
1050 615 1182 651 saltare
1206 615 1365 662 docilis,
1394 615 1490 651 ribes
1517 615 1654 653 fructus
1685 616 1843 653 libenter

230 676 330 722 edit,
357 686 393 711 et
411 675 508 722 fraga
529 683 565 708 et
583 672 665 708 rubi
683 673 777 709 idaei
797 674 948 720 baccas,
977 686 1065 723 quas
1092 685 1196 709 soror
1224 674 1299 720 ejus
1318 673 1505 722 repudiat:
1535 683 1571 708 et
1603 679 1697 709 miro
1725 675 1840 711 modo

228 746 272 769 ac
294 745 379 782 prae
399 730 570 766 omnibus
596 736 762 766 acetaria.
797 732 828 766 E
856 737 1040 766 contrario
1062 731 1206 780 pultem
1232 731 1444 766 densiorem
1470 743 1516 765 ex
1540 730 1636 766 lacte
1663 742 1700 767 et
1727 731 1842 769 farina

230 795 400 825 crassiore
424 800 450 823 s.
469 793 631 833 crimno,
648 800 759 837 quam
779 800 883 823 soror
903 789 979 834 ejus
1002 789 1107 823 avide
1126 789 1292 837 adpetit,
1316 788 1494 836 repudiat.
1524 790 1647 824 Mater
1666 790 1742 835 ejus
1763 790 1841 838 pel-

229 847 358 882 liculas
377 854 480 883 vorat
500 845 545 880 de
562 851 688 894 prunis
708 845 954 891 damascenis,
980 857 1154 894 pyrorum
1172 845 1350 893 repudiat.
1377 846 1509 893 Neque
1531 851 1647 892 tangit
1664 845 1842 883 melones.

230 907 393 941 Uvarum
418 903 548 939 baccas
568 909 643 938 imo
672 913 708 938 et
728 909 848 938 minus
867 913 1027 937 maturas
1051 908 1162 937 etiam
1183 913 1336 937 mucore
1359 901 1515 946 obsitas,
1544 907 1633 949 quin
1652 912 1687 936 et
1709 909 1844 938 racemi

227 961 390 996 ramulos
415 960 545 1008 qulbus
568 959 615 995 ab
640 960 771 995 avulsis
794 960 913 996 baccis
935 959 1140 995 succulenti
1162 960 1284 994 adhuc
1312 958 1453 1007 aliquid
1477 958 1642 994 adhaesit
1673 959 1845 995 lubenter

226 1023 390 1062 voravit,
423 1018 524 1065 quod
549 1016 739 1065 vulpinam
768 1029 937 1052 naturam
964 1017 1126 1051 indicare
1154 1017 1307 1053 videtur.
1334 1018 1532 1051 Brassicam
1556 1015 1631 1050 sale
1654 1017 1844 1053 conditam

227 1085 265 1111 et
283 1075 539 1110 fermentatam
564 1084 748 1122 quotquot
769 1073 863 1117 alui,
885 1073 1055 1109 lubenter
1077 1083 1260 1110 vorarunt.

304 1133 422 1166 Olera
442 1145 522 1166 non
545 1131 665 1168 edere,
695 1131 812 1165 Limz.
851 1133 959 1165 Meae
979 1131 1208 1179 spinachiam
1233 1130 1368 1175 edunt,
1399 1129 1538 1164 radices
1568 1129 1697 1174 dauci,
1733 1135 1844 1178 pasti-

226 1202 362 1234 nacae,
392 1201 629 1223 scorzonerac
643 1216 651 1231 ‚
671 1194 754 1223 satis
778 1187 942 1222 libenter.
971 1189 1056 1223 Una
1071 1199 1234 1222 mearum
1254 1196 1442 1221 recentem
1456 1192 1592 1221 micam
1611 1196 1844 1235 crustamque

226 1257 345 1291 amat,
366 1252 556 1280 sicciorem
579 1251 714 1279 micam
734 1245 910 1292 repudiat.
938 1244 1021 1279 Alia
1046 1257 1129 1279 mea
1152 1244 1236 1279 alba
1259 1243 1413 1279 maculis
1436 1243 1541 1278 fulvis
1564 1243 1703 1278 radices
1724 1243 1845 1279 solani

227 1303 390 1339 tuberosi
408 1308 446 1335 in
463 1302 615 1336 taleolas
635 1306 759 1335 scissas
778 1312 814 1335 et
829 1306 977 1335 acetarii
997 1301 1112 1335 modo
1132 1313 1217 1334 curn
1233 1313 1406 1348 ceparum
1426 1300 1547 1334 bulbis
1569 1309 1605 1334 et
1625 1299 1722 1334 foliis
1741 1313 1846 1347 prae-

225 1370 389 1408 paratas,
412 1366 441 1392 si
454 1364 633 1393 contritae
649 1367 770 1393 essent
790 1358 931 1393 radices
953 1357 1059 1393 avide
1078 1356 1244 1402 lingebat
1258 1384 1266 1400 ‚
1287 1362 1315 1391 si
1329 1357 1513 1401 majorum
1532 1355 1752 1391 taleolarum
1772 1356 1846 1391 for-

225 1429 287 1451 ma
311 1424 431 1449 essent
454 1412 518 1447 lias
535 1411 724 1459 linguebat
738 1439 746 1455 ,
769 1411 833 1445 sed
858 1411 999 1457 reliqua
1021 1409 1125 1443 avide
1151 1408 1326 1454 lingebat.
1352 1408 1495 1442 Eadem
1522 1409 1621 1455 fraga
1644 1417 1823 1448 recusavit
1837 1441 1846 1458 ,

227 1473 292 1508 sed
311 1470 510 1507 cuticulam
532 1468 621 1504 mali
642 1472 840 1503 armeniaci
856 1465 1042 1502 acidulam
1064 1469 1213 1500 voravit.
1242 1464 1391 1499 Voravit
1408 1477 1558 1513 quoque
1580 1477 1703 1501 corna.

301 1529 456 1565 Radices
471 1527 578 1562 dauci
600 1531 711 1561 etiam
732 1524 812 1559 illas
832 1523 1016 1559 dulciores
1030 1521 1124 1556 rufas
1140 1533 1219 1555 non
1234 1531 1425 1568 aspernata
1441 1531 1494 1556 est
1509 1531 1627 1556 mater
1639 1521 1845 1572 (Pyrame.)

227 1588 270 1624 Id
283 1587 330 1622 ab
350 1591 487 1633 origine
511 1597 573 1619 sua
595 1583 744 1631 vulpina
770 1587 958 1617 retinuisse
985 1578 1137 1622 videtur.
1163 1579 1261 1613 Nam
1283 1583 1445 1613 minores
1470 1583 1661 1614 varietates
1689 1592 1710 1614 a
1736 1580 1846 1629 vulpe

227 1649 389 1680 maxime
409 1641 634 1677 descendere
653 1638 845 1688 probabile
865 1648 927 1673 est.

300 1701 369 1736 Illa
389 1712 482 1748 quae
503 1703 658 1734 acetaria
683 1702 772 1732 mire
793 1695 959 1741 amabat,
983 1694 1160 1742 (acetaria
1180 1702 1305 1727 tamen
1323 1704 1400 1726 non
1422 1691 1579 1741 amplius
1601 1698 1738 1728 curavit
1762 1704 1847 1742 post.

228 1765 389 1809 primum
415 1766 559 1805 partum
573 1754 610 1802 ,)
634 1754 831 1789 brassicam
852 1752 1000 1788 rubram
1020 1760 1166 1786 coctam
1191 1762 1276 1785 cum
1299 1759 1405 1785 aceto
1427 1759 1592 1798 paratam
1610 1750 1846 1798 repudiabat,

231 1827 341 1865 quam
366 1824 489 1849 autem
508 1821 625 1847 mater
645 1812 720 1858 ejus
740 1810 845 1847 avide
866 1809 1028 1846 vorabat.

305 1871 413 1905 Aliae
435 1870 528 1905 duae
548 1867 739 1904 caniculae
757 1879 863 1902 meae
886 1872 1021 1901 siccata
1043 1877 1159 1912 pruna
1181 1864 1400 1899 damascena
1421 1873 1563 1908 amant,
1584 1875 1697 1898 nuces
1717 1875 1846 1899 eorum

230 1928 413 1965 mandunt
444 1926 711 1974 lambuntque,
739 1938 864 1960 morsu
892 1922 1158 1970 confringunt,
1190 1930 1227 1956 et
1254 1919 1408 1955 nucleos
1435 1929 1587 1956 vorant:
1619 1926 1669 1955 sic
1697 1930 1733 1956 et
1760 1934 1847 1970 pyra

231 1994 373 2021 siccata.
407 1983 580 2019 Melonvs
598 1983 697 2018 haud
718 1995 821 2017 secus
846 1993 889 2016 ac
915 1992 1020 2014 soror
1039 1985 1198 2027 primae,
1221 1991 1264 2013 ac
1285 1987 1402 2012 mater
1421 1987 1672 2025 aspernantur.

306 2041 454 2085 Altera,
478 2039 670 2088 (Pyrame)
691 2052 785 2087 quae
805 2037 921 2073 multa
936 2036 1006 2071 alia
1026 2035 1135 2070 siniul
1154 2048 1237 2071 cum
1251 2048 1345 2084 pane
1360 2040 1548 2070 masticata
1563 2044 1685 2080 vorat,
1705 2045 1847 2071 recusat

231 2111 334 2145 eum,
361 2097 510 2146 quando
538 2097 646 2131 simul
670 2097 821 2132 nucleos
842 2107 978 2130 nucum
1006 2092 1239 2140 juglandium
1263 2092 1579 2127 commanducavi.
1607 2093 1637 2126 E
1659 2098 1844 2127 contrario

234 2157 307 2192 [ilia
335 2157 411 2203 ejus
438 2161 533 2204 ipsos
561 2160 721 2201 integros
746 2153 896 2189 nucleos
922 2151 1103 2199 juglandis
1122 2160 1236 2186 vorat.
1265 2150 1325 2184 Sic
1353 2149 1482 2185 eadem
1506 2148 1656 2197 quando
1677 2148 1846 2184 manibus

234 2213 391 2261 praebeo
420 2212 603 2248 endiviam
623 2216 782 2246 acetario
804 2210 1015 2255 conditam,
1034 2218 1156 2252 vorat3
1177 2213 1205 2242 si
1226 2220 1334 2256 super
1358 2206 1447 2241 orbe
1468 2218 1552 2241 cum
1577 2204 1656 2240 aliis
1676 2205 1847 2253 praebeo,

235 2281 354 2307 cetera
385 2263 512 2318 vorat,
553 2269 652 2305 hanc
691 2268 856 2317 negligit.
900 2266 1043 2303 Eadem
1080 2278 1165 2301 cum
1195 2276 1321 2300 sorore
1357 2263 1452 2299 roob
1486 2264 1643 2310 juniperi
1676 2261 1849 2298 lubenter
