2054 2748
272 187 325 242 54
633 198 1103 229 οῡεειὶνΑΤῑοΝΕε
1150 199 1505 231 200Loo-1CA13.

340 284 383 318 In
399 282 512 332 pedes
530 289 747 331 posteriores
765 287 932 330 erigitur,
957 291 994 318 et
1016 282 1179 319 verticali
1197 288 1267 318 situ
1289 289 1542 333 circumspicit.
1571 284 1736 321 Multum
1750 297 1788 320 se
1807 299 1872 322 co-

268 345 358 386 mit,
377 352 579 388 nasumque
598 345 759 387 stringit,
779 344 892 386 magis
915 351 1025 387 quam
1043 344 1189 374 sciurus.
1218 341 1448 375 Mansuetior
1467 347 1560 377 visus
1578 341 1650 377 illis
1669 355 1761 391 quos
1782 342 1874 378 olim

267 397 351 433 alui.
379 396 473 432 Felis
494 409 576 431 mea
602 401 761 431 murium
789 400 933 444 egregia
958 401 1143 442 venatrix,
1168 402 1310 444 saepius
1333 405 1419 432 ante
1443 398 1519 444 ejus
1543 411 1727 434 carcerem
1746 399 1874 434 sedere

267 453 427 499 solebat,
452 466 537 488 eum
559 452 652 487 adeo
672 451 877 487 olfaciebat.

339 511 465 558 Quum
483 508 683 556 aliquando
704 520 770 557 per
787 508 952 544 foramen
973 519 1234 558 perangustum
1255 515 1442 556 evasisset,
1463 520 1500 547 et
1513 516 1552 546 in
1567 511 1704 560 angulo
1719 512 1875 548 abscon-

267 567 363 603 ditus
381 575 541 615 repertus
561 575 673 611 esset,
687 564 826 614 forcipe
841 566 1041 615 prehensus
1061 579 1142 602 eam
1156 567 1358 602 momordit
1370 595 1379 612 ,
1397 567 1462 602 sed
1480 581 1558 602 non
1578 569 1672 604 adeo
1692 569 1876 605 mordicus

266 637 337 660 nec
356 635 439 658 cum
450 621 572 657 furore
593 621 719 671 aliquo
732 651 741 669 ,
761 629 813 658 uti
827 629 1021 672 scriptores
1040 623 1197 660 tradunt.
1224 624 1308 659 Alia
1327 629 1406 661 vice
1427 636 1541 673 quum
1562 638 1680 661 rursus
1695 631 1877 673 evasisset,

266 687 305 717 in
324 679 460 727 angulo
476 688 605 727 aperto
627 679 758 715 sedens
777 686 880 729 quasi
905 681 1119 730 deprecanti
1139 680 1265 717 similis
1287 691 1449 730 repertus
1470 691 1542 727 est,
1569 687 1718 731 citoque
1737 695 1803 731 per
1820 682 1878 717 so-

266 749 390 773 ramen
412 746 609 784 angustum
630 748 696 785 per
721 737 823 786 quod
842 748 1023 784 evaserat,
1055 751 1241 774 carcerem
1264 751 1370 774 suum
1393 744 1548 787 repetiit.
1574 741 1616 774 In
1642 752 1786 774 carcere
1810 751 1876 774 suo

266 804 446 843 quantum
461 799 582 841 potuit
596 804 830 829 caementum
845 794 993 841 effodit,
1014 804 1054 831 ut
1070 801 1139 830 nisi
1154 794 1293 844 lapides
1311 794 1537 831 obstitissent
1551 794 1754 843 profundos
1774 800 1877 831 cuni-

265 851 368 888 culos
387 856 527 898 egisset.
555 852 643 886 Erat
660 856 698 886 in
715 858 943 900 procamino.

339 908 457 956 Super
476 914 631 943 corrosis
654 920 700 942 ex
719 915 855 944 cortice
879 921 1033 958 quercus
1051 909 1155 945 factis
1176 907 1333 958 panibus
1355 907 1510 957 aliisque
1533 907 1736 957 quisquiliis
1756 906 1877 943 cubile

264 965 333 1002 sibi
356 974 552 1014 paraverat.

340 1023 531 1069 Languere
558 1030 594 1056 et
620 1021 861 1057 macilentum
884 1023 959 1057 fieri
987 1028 1102 1059 visum
1125 1020 1218 1056 mihi
1247 1020 1385 1056 animal
1404 1030 1467 1056 est.
1495 1021 1545 1055 D.
1569 1032 1625 1055 20.
1651 1021 1742 1065 Maji
1767 1032 1876 1054 mane

265 1088 454 1114 mortuum
474 1079 585 1123 jacuit
609 1088 821 1122 extensum,
844 1084 882 1113 in
904 1085 1075 1127 opposito
1101 1077 1238 1126 angulo
1259 1077 1389 1112 cubilis
1413 1083 1480 1113 sui,
1507 1077 1568 1111 An
1587 1076 1683 1110 fame
1704 1088 1877 1111 consum-

266 1137 370 1172 tum?
397 1137 500 1170 Licet
527 1145 731 1183 superesset
758 1136 878 1170 adhuc
903 1134 1075 1170 nonnihil
1107 1145 1291 1169 costarum
1318 1133 1446 1179 betae,
1471 1139 1547 1168 imo
1577 1143 1614 1168 et
1638 1146 1714 1167 uux
1732 1132 1876 1180 juglans

265 1199 361 1228 inter
382 1192 594 1240 quisquilias
615 1191 765 1238 cubilis,
781 1198 927 1229 intacta.
955 1193 1038 1238 Qua
1053 1204 1090 1226 re
1105 1197 1235 1227 iterato
1250 1191 1472 1239 persuadeor
1486 1189 1640 1225 nucibus
1654 1189 1726 1224 hoc
1740 1188 1877 1224 animal

265 1261 343 1284 non
363 1253 535 1282 victitare.

339 1304 402 1338 An
424 1308 530 1352 periit
554 1302 689 1340 effectu
710 1306 870 1341 veneni?
905 1306 1003 1340 Nam
1022 1303 1114 1339 olim
1135 1303 1371 1340 helleborum
1390 1314 1426 1339 et
1447 1303 1638 1352 napellum
1654 1302 1751 1337 fame
1774 1314 1878 1336 com-

265 1361 390 1409 pulsus
413 1366 561 1394 voravit.

339 1417 490 1451 Femina
515 1423 601 1449 erat.
628 1413 837 1449 Umbilicus
860 1425 938 1447 non
955 1412 1052 1447 bene
1071 1412 1224 1448 clausus.
1250 1412 1451 1447 Labiorum
1473 1423 1652 1448 structura
1670 1419 1760 1448 utin
1775 1426 1878 1448 mure

265 1477 444 1516 terrestri,
473 1470 612 1505 scilicet
640 1479 680 1506 ut
706 1469 829 1504 claudi
856 1474 1015 1518 possint,
1038 1468 1284 1505 eminentibus
1304 1468 1485 1506 dentibus.
1511 1470 1638 1517 Rugae
1656 1479 1878 1506 transversae

265 1530 451 1581 palatinae
470 1527 603 1577 plures.

339 1585 455 1621 Labio
486 1583 656 1618 inferiore
676 1582 812 1618 reflexo
841 1583 888 1618 ad
914 1582 1018 1618 basin
1044 1588 1245 1618 incisorum
1273 1594 1394 1619 versus
1423 1589 1603 1618 exteriora
1624 1588 1725 1631 regio
1748 1593 1876 1627 ovata,

267 1643 393 1692 glabra
406 1670 415 1687 ,
442 1640 626 1686 albicans,
646 1646 748 1689 quasi
765 1639 1080 1688 subcartilaginea.
1108 1640 1243 1676 Clauso
1265 1652 1328 1675 ore
1347 1639 1489 1676 videtur
1506 1639 1678 1675 dentibus
1697 1639 1744 1675 ad
1763 1639 1877 1674 latera

268 1714 306 1737 se
324 1699 509 1749 applicare
523 1726 532 1744 ,
552 1708 588 1734 et
608 1697 703 1733 labia
720 1707 847 1732 contra
866 1697 1076 1732 frictionem
1094 1696 1301 1732 defendere.

340 1755 559 1793 Pediculum
578 1755 724 1790 nullum
738 1767 846 1804 super
868 1754 940 1790 hoc
960 1753 1112 1789 animali
1135 1759 1262 1803 reperi.

342 1813 485 1848 Hordci
510 1825 620 1861 grana
646 1825 724 1847 non
747 1817 875 1860 tetigit.
907 1811 1035 1859 (Meus
1048 1823 1133 1847 vero
1149 1812 1220 1846 Ao.
1233 1822 1265 1859 9.
1279 1819 1472 1858 acceptus,
1493 1807 1751 1853 semiadultus,
1765 1814 1874 1855 mitis,

269 1869 582 1918 nequemordax,
601 1878 641 1905 ut
658 1868 827 1904 manibus
843 1877 998 1903 tractare
1017 1867 1135 1902 liceat.
1154 1866 1245 1914 Ed.)
1272 1868 1405 1914 Neque
1425 1877 1569 1914 panem.
1597 1866 1729 1899 Postea
1749 1875 1876 1901 tamen

269 1926 356 1962 edit.
387 1927 422 1960 N
427 1938 507 1960 ures
537 1931 648 1961 etiam
673 1926 844 1961 arrodere
864 1936 942 1959 non
965 1923 1086 1959 callet.
1122 1923 1287 1959 Nucleos
1306 1932 1471 1958 exemtos
1490 1931 1593 1957 vorat
1613 1921 1784 1970 quidem,
1811 1923 1876 1959 sed

269 1996 316 2019 ex
329 1982 516 2018 dimidiata
534 1993 625 2018 testa
644 1983 745 2018 haud
764 1982 869 2031 plura
881 1980 1064 2028 exglubit,
1084 1992 1195 2029 quam
1214 1986 1375 2015 immisso
1395 1988 1512 2014 rostro
1527 1978 1717 2014 extrahere
1735 1989 1874 2027 potest:

270 2053 342 2089 qua
364 2044 403 2074 in
419 2051 456 2074 re
475 2052 495 2074 a
514 2039 697 2075 rosoribus
716 2038 879 2074 muribus
898 2042 1095 2086 sciul'isque
1119 2037 1264 2072 differre
1289 2036 1441 2072 videtur.

342 2095 484 2131 Herbas
508 2101 667 2130 maxime
689 2105 862 2144 appetere
883 2093 1045 2139 videtur,
1068 2098 1122 2129 uti
1142 2093 1234 2129 olim
1261 2099 1372 2129 etiam
1394 2098 1545 2128 memini
1563 2093 1718 2152 mgejus
1741 2091 1873 2128 buccas

271 2152 444 2188 alliorum
462 2150 557 2187 foliis
577 2164 720 2199 prorsus
740 2152 869 2200 plenas
891 2156 1057 2200 reperire.

345 2208 448 2244 Folia
468 2211 654 2244 taraxaci·
674 2209 805 2257 cupide
832 2214 995 2257 appetiit.
1024 2208 1150 2256 Cepae
1168 2207 1277 2251 folia,
1305 2207 1512 2250 lactucae,
1533 2205 1707 2254 raphani
1728 2211 1873 2242 voravit.

274 2267 393 2301 Etiam
414 2274 610 2302 acetosae.
636 2266 779 2300 Arrosit
802 2265 890 2301 folia
918 2265 1149 2313 aquilegiae
1163 2292 1177 2309 ,
1205 2264 1514 2314 archangelicae
1532 2279 1550 2305 ,·
1584 2263 1770 2300 historiae
1799 2272 1875 2299 tota
