2054 2748
753 166 1200 196 AMPHIBIA.
1691 166 1767 216 241

168 249 333 285 colorem
356 260 391 286 et
411 254 534 286 nitens
553 262 594 284 ac
615 254 717 297 quasi
739 259 938 284 unctuosus
952 256 1128 298 apparuit.
1157 252 1336 298 Copiosos
1358 250 1521 297 objectos
1541 260 1685 291 oniscos
1706 269 1770 292 vo-

167 316 346 342 raverunt.
372 308 423 341 D.
442 321 475 353 7.
493 308 566 352 Maj
573 312 582 340 i
598 316 666 341 tres
683 305 849 352 objectae
861 305 980 341 larvae
998 306 1203 354 phalaenae
1219 306 1590 355 coeruleo-cephalae
1605 318 1771 360 nuspiam

166 372 423 411 apparuerunt.
451 365 534 398 Una
556 375 614 397 me
633 372 822 411 spectante
838 361 1010 397 devorata
1030 373 1091 398 est.

239 419 528 454 Excrenientum
544 432 677 454 novem
693 419 873 454 linearum
891 417 1144 466 longitudine,
1159 426 1316 456 crassitie
1333 425 1440 456 trium
1453 420 1653 469 linearum,
1667 433 1771 471 teres,

165 474 353 522 glabrum,
372 482 492 511 nitens
507 504 516 521 ‚
536 488 616 511 raro
636 482 758 523 egerit.

240 532 389 567 Diutius
408 531 544 567 bufone
562 531 701 579 vulgari
717 538 755 566 in
774 531 962 580 superficie
984 531 1099 567 haesit
1123 541 1163 566 ut
1182 531 1254 567 sere
1275 533 1511 581 neglexerim.
1536 535 1668 571 Postea
1691 546 1771 572 toto

167 587 241 622 fere
260 601 385 623 mense
403 589 502 623 Julio
524 588 679 623 delituit.
707 589 796 623 Fine
815 590 891 634 ejus
910 593 1044 623 mensis
1067 587 1159 623 alter
1181 601 1309 623 eorum
1332 603 1450 625 rursus
1469 596 1656 639 apparuit,
1683 599 1770 628 vivi-

167 643 328 678 dioribus
357 643 542 678 coloribus
561 672 569 688 ,
602 644 666 679 sed
693 656 834 678 summe
863 644 1106 690 macilentus,
1134 645 1221 680 licet
1249 648 1613 683 circumcurrentibus
1640 655 1772 683 oniscis

166 712 258 747 quos
283 700 423 735 dudum
443 700 663 747 objiceram,
686 701 850 749 undique
873 701 1128 736 circumdatus.
1156 701 1299 737 Sensim
1317 710 1447 738 iterum
1468 704 1720 752 corpulentior
1737 716 1772 741 et

164 756 314 790 nitidior
333 756 467 804 factus,
493 758 558 792 sed
579 770 723 805 semper
745 763 782 792 in
801 758 990 806 superficie
1012 757 1265 794 semidefossus
1286 759 1410 795 haesit.
1436 761 1486 795 D.
1502 774 1533 795 2.
1549 760 1648 809 Sept.
1663 767 1773 796 etiam

163 814 282 858 major
305 825 424 848 rursus
449 820 616 862 apparuit
645 824 681 849 et
713 814 880 850 subversa
908 827 1034 849 recens
1057 815 1287 863 hui-[iensque
1314 825 1407 851 terra
1436 822 1509 850 visa
1539 827 1601 852 est.
1633 818 1773 853 Omnes

166 875 281 904 onisci
304 881 537 906 evanuerunt.
570 871 694 906 Siccus
720 883 788 905 nec
807 870 886 906 ullo
907 871 1021 906 modo
1049 871 1184 906 nitidus
1210 882 1374 920 uterque.
1411 866 1539 906 Medio
1567 873 1772 920 Septembri

164 938 304 961 summe
320 932 507 972 emaciari,
524 933 608 975 quia
623 926 761 963 abhinc
775 933 880 963 initio
901 933 1036 963 mensis
1055 927 1136 962 cibo
1157 938 1371 973 caruerunt,
1387 927 1473 963 licet
1488 939 1573 964 ante
1592 931 1664 974 jam
1679 943 1773 965 mar-

165 995 307 1017 cescere
320 982 414 1016 mihi
430 989 492 1017 visi
507 989 590 1016 sint.
1449 1022 1453 1025 st

233 1040 283 1073 D.
310 1039 359 1073 15.
383 1037 482 1085 Sept.
508 1042 630 1072 minor
653 1049 794 1073 summe
820 1048 1038 1074 extenuatus
1062 1049 1227 1074 mortuus
1251 1049 1433 1087 repertus,
1464 1050 1500 1075 et
1525 1042 1642 1087 major
1661 1047 1773 1077 morti

160 1100 360 1144 proximus.
386 1095 490 1127 Licet
509 1094 652 1127 medios
672 1099 768 1127 inter
789 1099 958 1140 copiosos
981 1099 1136 1127 oniscos.
1165 1096 1216 1129 Ut
1239 1095 1333 1129 adeo
1359 1096 1407 1129 ad
1429 1096 1625 1130 vivendum
1645 1097 1715 1131 alia
1734 1110 1772 1132 re

161 1149 285 1185 adhuc
308 1149 472 1196 indigere
494 1148 675 1193 videatur,
702 1158 845 1196 praeter
860 1149 992 1183 cibum.
1019 1149 1079 1183 An
1096 1159 1204 1197 potus
1219 1149 1449 1197 praebendus
1472 1150 1616 1196 fuisset,
1639 1162 1701 1187 aut
1722 1159 1769 1187 ir-

161 1206 313 1255 riganda
338 1206 458 1241 terra?
484 1207 526 1240 In
548 1214 737 1253 posterum
758 1204 1042 1253 experiundum!
1071 1206 1273 1252 Quomodo
1295 1206 1387 1241 adeo
1407 1212 1532 1243 vivunt
1553 1208 1685 1243 inclusi
1703 1209 1770 1244 bu-

162 1263 265 1298 fones
284 1268 376 1297 intra
396 1261 563 1309 lapides?

235 1320 370 1366 Digitis
391 1318 479 1353 dum
494 1327 682 1352 mortuum
701 1326 837 1362 tractO,
861 1317 968 1352 facile
990 1324 1081 1355 cutis
1101 1319 1265 1367 undique
1285 1319 1422 1354 secedit
1447 1326 1485 1354 in
1501 1319 1664 1367 pedibus.
1692 1321 1769 1354 Tu-

161 1375 308 1411 bercula
331 1380 397 1408 ista
420 1379 458 1407 in
477 1373 630 1420 plantis,
657 1386 750 1419 quae
768 1373 958 1406 Roeselius
977 1380 1153 1420 expressit
1170 1402 1179 1417 ,
1197 1387 1275 1408 non
1300 1379 1452 1420 reperio.

233 1431 419 1476 Majorem
437 1429 570 1463 eodem
586 1428 644 1462 die
664 1427 809 1476 pluviae
830 1439 977 1475 expono
1006 1434 1107 1462 tenui
1134 1428 1368 1476 blandaeque
1382 1456 1390 1471 ,
1411 1438 1446 1463 et
1465 1435 1524 1463 vix
1544 1429 1655 1465 horae
1679 1444 1768 1479 qua-

163 1489 292 1523 drante
322 1485 446 1533 elapso
470 1491 567 1531 viget
590 1489 703 1530 magis
720 1511 728 1527 ,
760 1493 796 1518 et
821 1489 935 1530 magis
960 1484 1120 1518 tumidus
1142 1495 1314 1533 apparet,
1347 1495 1588 1533 moveturque
1620 1488 1769 1523 vividius

162 1545 360 1591 locumque
379 1551 506 1576 mutat.
532 1540 649 1575 Paulo
673 1550 756 1588 post
782 1539 889 1574 video
911 1545 1022 1575 etiam
1047 1545 1136 1587 erigi
1154 1546 1192 1575 in
1211 1541 1324 1589 pedes
1341 1547 1579 1589 posteriores,
1602 1552 1637 1577 et
1652 1555 1767 1590 quan-

162 1611 239 1635 tum
271 1608 393 1647 potest
417 1603 506 1632 eniti
535 1603 573 1631 in
595 1596 711 1631 altum
740 1606 776 1631 et
799 1602 900 1643 quasi
924 1602 1100 1643 parietem
1127 1601 1208 1631 vitri
1232 1597 1456 1632 adscendere
1480 1597 1583 1633 velle.
1610 1599 1767 1646 Repono

160 1662 295 1693 vitrum
312 1661 350 1689 in
370 1660 466 1689 sicco
481 1682 490 1697 ⁷
514 1663 549 1688 et
570 1652 758 1688 descendit
778 1651 885 1697 bufo,
912 1651 1205 1700 tranquillusque
1220 1655 1294 1698 jam
1316 1654 1419 1689 sedet
1439 1660 1477 1688 in
1500 1664 1603 1689 terra.
1630 1657 1766 1690 Denuo

162 1711 310 1747 colloco
328 1716 364 1744 in
379 1710 500 1757 pluvia
517 1719 553 1744 et
567 1709 763 1743 ascendere
781 1714 884 1742 omni
898 1707 981 1742 data
998 1719 1108 1756 opera
1124 1719 1279 1743 conatur
1292 1737 1300 1753 ,
1325 1710 1425 1757 quod
1447 1720 1481 1745 et
1501 1720 1627 1758 postea
1646 1711 1767 1747 adhuc

161 1768 248 1804 fecit
266 1780 330 1815 per
351 1766 472 1814 plures
491 1766 616 1810 horas⁷
639 1777 753 1813 quum
772 1766 845 1811 jam
866 1777 983 1799 rursus
997 1770 1034 1798 111
1054 1770 1153 1799 sicco
1175 1770 1385 1812 posuissem.
1414 1766 1672 1813 Quotidiejam
1689 1781 1767 1803 me-

161 1824 294 1860 liorem
317 1822 484 1858 habiturn
503 1821 622 1856 induit
646 1832 682 1856 et
704 1822 751 1856 ad
771 1826 962 1856 sanitatem
984 1821 1088 1855 redit.
1116 1821 1271 1856 Oniscos
1290 1831 1413 1862 tamen
1430 1835 1555 1857 curare
1577 1836 1655 1858 non
1671 1824 1767 1859 vide—

161 1892 229 1917 tur.
255 1879 366 1915 Unde
381 1878 513 1913 habeat
534 1877 627 1913 illud
643 1906 651 1923 ‚
667 1878 768 1926 quod
788 1888 895 1913 antea
918 1890 995 1912 11011
1014 1877 1216 1921 observavi,
1245 1879 1346 1926 qnod
1368 1879 1529 1914 maculas
1553 1886 1654 1928 quasi
1679 1894 1766 1927 gan-

161 1948 354 1985 graenosas
384 1940 423 1969 in
449 1934 587 1983 pedum
618 1934 752 1982 plantis
781 1933 938 1980 habeat,
962 1944 997 1970 et
1018 1934 1135 1969 dextri
1159 1933 1263 1982 pedis
1291 1940 1500 1982 posterioris
1528 1935 1601 1971 duo
1624 1947 1765 1972 tantum

162 1994 266 2041 digiti
286 1997 485 2026 exteriores
503 1996 702 2039 supersint,
725 1997 866 2038 ignoro.

234 2050 358 2095 Quum
378 2048 499 2082 adhuc
514 2047 652 2083 ultimis
671 2047 798 2082 diebus
817 2053 903 2082 anni
923 2049 964 2082 Π.
982 2048 1105 2095 (1794.
1122 2048 1238 2097 Sept.)
1256 2048 1429 2097 languere
1447 2050 1628 2094 viderem,
1643 2062 1764 2098 neque

162 2111 297 2140 insecta
318 2114 513 2153 appetere⁷
534 2110 663 2153 quinto
684 2105 743 2139 die
765 2104 992 2153 suppletorio
1018 2110 1091 2139 sive
1113 2105 1245 2140 ultimo
1267 2112 1353 2141 anni
1376 2107 1428 2149 (d.
1451 2120 1504 2141 21.
1519 2106 1615 2153 Sept.
1643 2107 1761 2155 1794.)

162 2174 310 2197 omnem
334 2172 494 2197 veterem
517 2172 650 2197 terram
671 2168 755 2197 satis
772 2161 892 2196 adhuc
911 2160 1147 2206 humentem,
1169 2162 1232 2196 sed
1254 2161 1347 2197 forte
1365 2167 1604 2197 excrementis
1619 2161 1763 2199 bufonis

162 2224 268 2254 nimis
285 2223 514 2266 inquinatam
535 2217 687 2266 abjiciO,
714 2228 750 2254 et
767 2227 955 2253 recentem
973 2215 1130 2253 humum
1154 2224 1246 2255 vitro
1270 2225 1451 2265 munitm,
1475 2224 1611 2255 visurus
1631 2231 1678 2253 an
1699 2219 1763 2256 ill-a
