2054 2748
773 156 1158 185 MAMMALIA.
1710 162 1760 204 ΘΙ

166 245 285 289 primo
315 239 390 275 fere
414 238 555 287 glabras
585 251 685 284 esse,
720 238 784 275 sed
807 244 845 274 in
870 239 1032 274 secundo
1065 249 1101 274 et
1128 243 1233 274 tertio
1262 237 1369 274 valde
1404 245 1540 288 exiguis
1568 243 1764 279 tuberculis

167 306 404 345 exasperatas.
431 298 543 331 Extus
561 307 644 332 sunt
663 308 872 341 convexae,
900 301 994 330 intus
1016 296 1173 341 planae,
1198 295 1259 344 pel
1279 302 1399 344 potins
1423 297 1550 332 leviter
1571 312 1764 337 concavae.

236 356 320 388 Jam
341 366 500 388 coronae
521 353 678 389 ambitus
698 356 740 388 ιή
762 356 891 400 primo
912 358 1082 399 utrinque
1110 365 1229 388 versus
1249 352 1351 388 basin
1371 353 1499 388 radicis
1520 354 1763 402 descendens,

165 409 342 456 angulum
363 409 436 444 [ere
458 421 599 445 rectum
624 408 794 456 glabratis
824 408 983 456 obliquis
1006 407 1188 444 facieeulis
1216 416 1448 458 intercipiens
1471 417 1574 460 apice
1598 423 1764 448 truncato

164 465 377 511 ssavicante,
409 466 586 502 Havedine
612 471 651 499 in
687 465 803 500 altero
826 464 938 501 latere
960 471 1053 500 inter
1085 465 1264 512 glabratas
1293 466 1484 503 sacieculas
1508 468 1763 505 descendente.

165 523 382 571 Superficies
413 535 572 559 coronae
603 534 697 570 quae
729 522 840 558 radici
872 522 1030 558 breviori
1056 523 1277 570 respondet,
1306 524 1501 560 tuberculis
1528 536 1738 575 exasperata
1758 555 1767 573 ,

165 585 279 627 nigra.

240 639 282 672 In
301 635 493 677 secundo,
522 647 681 671 coronae
699 635 856 672 ambitus
877 642 1010 685 pariter
1023 641 1194 685 utrinque
1213 636 1350 685 duplici
1366 637 1540 674 faciecula
1558 645 1595 674 in
1609 640 1770 675 radicem

165 692 410 736 descendens,
439 691 574 739 angulo
600 699 662 740 qui
686 703 787 728 recto
815 706 943 742 parum
962 699 1082 728 minor
1100 704 1153 729 est
1178 700 1406 743 intercepto,
1432 702 1535 745 apice
1567 697 1639 732 late
1666 708 1767 732 trun-

166 758 274 793 cat0,
312 749 511 797 depresso,
546 762 628 784 area
662 749 782 796 lutea,
818 750 879 785 ubi
904 751 1017 786 radici
1055 751 1210 786 breviori
1242 753 1438 800 respondet
1481 763 1621 801 septem
1656 753 1770 788 lineas

165 803 237 839 lata
260 832 268 849 ,
294 804 357 839 ubi
378 804 537 852 longiori
561 806 757 853 respondet
783 813 916 842 sensim
943 817 1150 853 attenuata,
1177 815 1339 856 margine
1368 809 1514 844 tabulae
1543 816 1676 845 vitreae
1701 823 1767 845 un-

165 861 276 908 dique
300 867 497 896 eminente.

237 919 278 951 In
299 920 434 960 tercio,
461 930 623 953 coronae
649 919 806 954 ambitus
826 925 864 954 in
883 933 957 955 uno
983 930 1126 956 tantum
1149 921 1262 956 latere
1283 921 1423 956 duabus
1446 927 1565 956 minus
1599 921 1770 969 glabratis

164 972 347 1007 facieculis
374 974 625 1018 descendens,
661 975 797 1022 angulo
828 986 867 1010 ut
894 982 932 1010 in
964 976 1144 1024 prioribus
1174 983 1387 1025 intercepto
1429 977 1501 1013 Sed
1533 983 1571 1012 in
1598 984 1769 1026 opposito

165 1028 277 1063 latere
313 1029 520 1077 superficies
553 1030 751 1066 tuberculis
791 1042 1029 1080 exasperata,
1073 1039 1275 1080 nigricans,
1314 1044 1457 1082 praeter
1494 1034 1771 1070 tuberculorum

144 1091 295 1133 apices.
330 1086 440 1133 Apex
470 1095 680 1132 truncatus,
719 1100 802 1123 area
829 1101 971 1123 summa
991 1089 1104 1124 radici
1128 1090 1288 1138 longiori
1316 1091 1558 1139 respondente
1591 1091 1770 1140 oblonga,

165 1141 288 1185 lutea,
327 1154 463 1176 novem
498 1142 679 1179 linearum
717 1144 852 1192 longa,
897 1151 1059 1194 quinque
1097 1145 1179 1181 lata.
1217 1148 1313 1182 Area
1351 1147 1464 1182 altera
1505 1147 1651 1183 inferius
1682 1155 1768 1193 sita,

165 1198 277 1233 radici
297 1198 451 1233 breviori
469 1200 716 1246 respondente
739 1202 1014 1245 suborbieulari,
1027 1203 1193 1237 diametri
1212 1202 1392 1237 linearum
1412 1214 1577 1250 quatuor.
1604 1207 1770 1252 Margine

166 1253 311 1290 tabulae
335 1260 467 1289 vitreae
486 1260 525 1289 in
542 1265 695 1303 utraque
716 1256 786 1291 hac
805 1269 889 1292 area
912 1269 1040 1304 parum
1065 1263 1203 1291 circum
1221 1263 1427 1301 eminente,
1453 1258 1548 1292 alba.

235 1415 506 1460 Hippopotami
529 1416 652 1447 cranIa
683 1411 857 1448 differunt
877 1418 916 1447 in
944 1412 1058 1461 figura
1090 1412 1235 1448 Grewii
1264 1414 1371 1449 Mus.
1400 1426 1475 1462 reg.
1507 1414 1593 1450 Soc.
1625 1416 1702 1451 tab.
1742 1433 1769 1454 1.

160 1471 230 1518 fig.
267 1471 296 1505 5.
324 1476 362 1504 in
396 1469 509 1517 figura
534 1469 708 1504 chssieui
737 1472 780 1504 ιἰι
815 1471 939 1504 Mem.
972 1470 1020 1504 de
1042 1470 1200 1505 l’Acad.
1241 1478 1339 1517 1724.
1368 1476 1405 1505 in
1440 1470 1552 1518 figura
1583 1473 1770 1519 Busfom'i

171 1529 212 1562 T.
237 1528 339 1562 XII.
363 1527 441 1561 cab.
466 1526 536 1563 VI.
562 1536 598 1562 et
620 1532 660 1562 in
682 1526 796 1574 figura
817 1526 1019 1562 Schreben'
1042 1526 1121 1561 cab.
1144 1526 1221 1562 508.
1249 1528 1291 1562 V.
1317 1527 1629 1575 Natursorsclcer
1646 1531 1770 1566 XXI.

164 1584 339 1631 pagse.

596 1673 746 1716 SUS
802 1672 1334 1716 BABYRUSSA.

239 1770 351 1804 Dens
393 1770 587 1803 incisivus
617 1771 795 1815 superior
824 1771 989 1805 interior
1001 1796 1110 1805 .....

237 1825 419 1860 Exterior-
446 1824 631 1873 pollicaris
651 1853 659 1869 ,
696 1830 883 1870 incurvus,
919 1826 1070 1874 oblique
1094 1830 1265 1871 insertus,
1292 1838 1459 1862 convexo
1482 1832 1645 1876 margine
1670 1840 1772 1865 ante-

165 1887 260 1918 riora
278 1891 483 1929 spectante,
503 1888 681 1916 exteriore
702 1881 793 1917 facie
817 1882 1139 1931 subcomplanata,
1158 1888 1331 1917 interiore
1353 1897 1511 1919 concava
1526 1913 1534 1929 ‚
1560 1891 1637 1920 sine
1663 1900 1771 1921 cana—

165 1938 279 1974 liculo
305 1938 401 1981 lat03
425 1938 546 1973 radice
566 1948 752 1984 truncata,
780 1952 891 1983 cava3
916 1944 1021 1987 apice
1048 1938 1186 1986 duplici
1210 1938 1301 1973 facie
1323 1940 1474 1988 oblique
1495 1951 1660 1977 trum-ata
1678 1971 1685 1984 ,
1708 1956 1771 1977 an·-

167 2000 299 2030 teriore
313 1995 453 2040 majore
467 2007 628 2029 concava
643 2009 651 2037 ;
670 1995 716 2029 ad
737 2002 878 2030 tertiam
895 2006 1034 2044 partem
1052 2001 1173 2042 niger,
1193 2009 1383 2045 quousque
1398 2010 1443 2031 ex
1464 1997 1609 2032 alveolo
1626 2005 1773 2033 eminet.

241 2052 391 2085 Dentes
420 2053 584 2086 incisivi
607 2061 784 2099 quatuor
807 2052 1010 2097 inferiores
1040 2052 1161 2087 medii
1180 2053 1391 2098 cylindrici,
1419 2060 1581 2099 incurvi,
1608 2060 1771 2100 margine

171 2118 336 2141 convexo
366 2107 533 2142 inferiora
554 2114 767 2156 spectante',
805 2108 879 2143 basi
904 2117 1069 2142 truncata
1093 2114 1256 2156 margine
1279 2112 1470 2146 scindente
1490 2139 1498 2155 ,
1533 2123 1627 2145 cava.
1656 2111 1772 2158 Apice

172 2171 361 2208 truncato,
387 2163 480 2198 facie
496 2175 591 2199 retro
614 2171 756 2213 apicem
779 2164 929 2212 obliqua
948 2170 985 2198 in
1003 2171 1164 2212 margine
1190 2172 1382 2214 superiore.

243 2219 336 2253 Duo
365 2223 506 2255 extimi
536 2226 640 2268 apice
669 2231 800 2266 acuto,
840 2219 1015 2255 faciecula
1046 2220 1350 2271 subcomplanata
1382 2233 1478 2257 retro
1514 2227 1655 2269 apicem
1674 2249 1683 2267 ,
1713 2227 1772 2258 in-

1461 2279 1503 2312 M
1530 2290 1552 2312 2
