<?xml version="1.0" encoding="UTF-8"?>
<!DOCTYPE html PUBLIC "-//W3C//DTD XHTML 1.0 Transitional//EN"
    "http://www.w3.org/TR/xhtml1/DTD/xhtml1-transitional.dtd">
<html xmlns="http://www.w3.org/1999/xhtml" xml:lang="en" lang="en">
 <head>
  <title>
</title>
<meta http-equiv="Content-Type" content="text/html;charset=utf-8" />
  <meta name='ocr-system' content='tesseract 3.04.00' />
  <meta name='ocr-capabilities' content='ocr_page ocr_carea ocr_par ocr_line ocrx_word'/>
</head>
<body>
  <div class='ocr_page' id='page_1' title='image "./observationeszoo00herm_0257.png"; bbox 0 0 2054 2748; ppageno 0'>
   <div class='ocr_carea' id='block_1_1' title="bbox 732 136 1752 193">
    <p class='ocr_par' dir='ltr' id='par_1_1' title="bbox 732 136 1752 193">
     <span class='ocr_line' id='line_1_1' title="bbox 732 136 1752 193; baseline 0.004 -19"><span class='ocrx_word' id='word_1_1' title='bbox 732 145 1179 175; x_wconf 79' lang='lat' dir='ltr'><strong>AMPHIBIA.</strong></span> <span class='ocrx_word' id='word_1_2' title='bbox 1669 136 1752 193; x_wconf 77' lang='lat'>253</span> 
     </span>
    </p>
   </div>
   <div class='ocr_carea' id='block_1_2' title="bbox 149 226 1756 1072">
    <p class='ocr_par' dir='ltr' id='par_1_2' title="bbox 149 226 1750 392">
     <span class='ocr_line' id='line_1_2' title="bbox 149 226 1750 278; baseline 0 -12"><span class='ocrx_word' id='word_1_3' title='bbox 149 239 186 266; x_wconf 86' lang='lat' dir='ltr'>et</span> <span class='ocrx_word' id='word_1_4' title='bbox 206 235 325 278; x_wconf 90' lang='lat' dir='ltr'>primo</span> <span class='ocrx_word' id='word_1_5' title='bbox 350 228 409 265; x_wconf 87' lang='lat' dir='ltr'>die</span> <span class='ocrx_word' id='word_1_6' title='bbox 428 229 520 265; x_wconf 85' lang='lat' dir='ltr'>duos</span> <span class='ocrx_word' id='word_1_7' title='bbox 534 227 704 277; x_wconf 85' lang='lat' dir='ltr'>parvulos</span> <span class='ocrx_word' id='word_1_8' title='bbox 722 228 878 264; x_wconf 83' lang='lat' dir='ltr'>bufones</span> <span class='ocrx_word' id='word_1_9' title='bbox 900 229 1063 277; x_wconf 78' lang='lat' dir='ltr'>vulgares</span> <span class='ocrx_word' id='word_1_10' title='bbox 1081 230 1155 276; x_wconf 86' lang='lat' dir='ltr'>jam</span> <span class='ocrx_word' id='word_1_11' title='bbox 1179 226 1455 276; x_wconf 73' lang='lat' dir='ltr'>quadrupedes,</span> <span class='ocrx_word' id='word_1_12' title='bbox 1477 241 1568 277; x_wconf 87' lang='lat' dir='ltr'>quos</span> <span class='ocrx_word' id='word_1_13' title='bbox 1588 237 1625 266; x_wconf 86' lang='lat' dir='ltr'>in</span> <span class='ocrx_word' id='word_1_14' title='bbox 1642 231 1750 266; x_wconf 85' lang='lat' dir='ltr'>litore</span> 
     </span>
     <span class='ocr_line' id='line_1_3' title="bbox 150 285 1750 334; baseline -0.001 -12"><span class='ocrx_word' id='word_1_15' title='bbox 150 287 316 334; x_wconf 82' lang='lat' dir='ltr'>glareoso</span> <span class='ocrx_word' id='word_1_16' title='bbox 335 287 445 322; x_wconf 88' lang='lat' dir='ltr'>simul</span> <span class='ocrx_word' id='word_1_17' title='bbox 472 296 634 334; x_wconf 86' lang='lat' dir='ltr'>repertos</span> <span class='ocrx_word' id='word_1_18' title='bbox 657 291 749 322; x_wconf 88' lang='lat' dir='ltr'>vitro</span> <span class='ocrx_word' id='word_1_19' title='bbox 772 285 992 321; x_wconf 82' lang='lat' dir='ltr'>incluseram</span> <span class='ocrx_word' id='word_1_20' title='bbox 1019 298 1103 321; x_wconf 85' lang='lat' dir='ltr'>cum</span> <span class='ocrx_word' id='word_1_21' title='bbox 1127 291 1284 334; x_wconf 79' lang='lat' dir='ltr'>gyrinis,</span> <span class='ocrx_word' id='word_1_22' title='bbox 1311 285 1464 320; x_wconf 85' lang='lat' dir='ltr'>domum</span> <span class='ocrx_word' id='word_1_23' title='bbox 1489 300 1646 324; x_wconf 77' lang='lat' dir='ltr'>reversus</span> <span class='ocrx_word' id='word_1_24' title='bbox 1674 300 1750 323; x_wconf 82' lang='lat' dir='ltr'>non</span> 
     </span>
     <span class='ocr_line' id='line_1_4' title="bbox 150 349 277 392; baseline 0.008 -14"><span class='ocrx_word' id='word_1_25' title='bbox 150 349 277 392; x_wconf 83' lang='lat' dir='ltr'>reperi.</span> 
     </span>
    </p>

    <p class='ocr_par' dir='ltr' id='par_1_3' title="bbox 221 398 980 449">
     <span class='ocr_line' id='line_1_5' title="bbox 221 398 980 449; baseline -0.003 -13"><span class='ocrx_word' id='word_1_26' title='bbox 221 400 363 436; x_wconf 89' lang='lat' dir='ltr'>Ultima</span> <span class='ocrx_word' id='word_1_27' title='bbox 382 400 542 449; x_wconf 83' lang='lat' dir='ltr'>perfecta</span> <span class='ocrx_word' id='word_1_28' title='bbox 561 400 656 436; x_wconf 86' lang='lat' dir='ltr'>facta</span> <span class='ocrx_word' id='word_1_29' title='bbox 674 400 710 436; x_wconf 85' lang='lat' dir='ltr'>d.</span> <span class='ocrx_word' id='word_1_30' title='bbox 731 405 761 442; x_wconf 72' lang='grc'>4.</span> <span class='ocrx_word' id='word_1_31' title='bbox 781 398 980 434; x_wconf 83' lang='lat' dir='ltr'>Fructiferi.</span> 
     </span>
    </p>

    <p class='ocr_par' dir='ltr' id='par_1_4' title="bbox 151 455 1754 662">
     <span class='ocr_line' id='line_1_6' title="bbox 223 455 1754 504; baseline -0.001 -12"><span class='ocrx_word' id='word_1_32' title='bbox 223 458 350 492; x_wconf 87' lang='lat' dir='ltr'>Unam</span> <span class='ocrx_word' id='word_1_33' title='bbox 369 458 563 492; x_wconf 84' lang='lat' dir='ltr'>caudatam</span> <span class='ocrx_word' id='word_1_34' title='bbox 584 467 621 492; x_wconf 86' lang='lat' dir='ltr'>et</span> <span class='ocrx_word' id='word_1_35' title='bbox 647 458 720 503; x_wconf 87' lang='lat' dir='ltr'>jam</span> <span class='ocrx_word' id='word_1_36' title='bbox 743 455 1021 504; x_wconf 84' lang='lat' dir='ltr'>quadrupedem</span> <span class='ocrx_word' id='word_1_37' title='bbox 1043 462 1147 503; x_wconf 87' lang='lat' dir='ltr'>posui</span> <span class='ocrx_word' id='word_1_38' title='bbox 1172 461 1209 490; x_wconf 94' lang='lat' dir='ltr'>in</span> <span class='ocrx_word' id='word_1_39' title='bbox 1231 461 1362 503; x_wconf 78' lang='lat' dir='ltr'>enguo</span> <span class='ocrx_word' id='word_1_40' title='bbox 1386 461 1478 492; x_wconf 88' lang='lat' dir='ltr'>vitro</span> <span class='ocrx_word' id='word_1_41' title='bbox 1494 483 1502 501; x_wconf 87' lang='lat'>‚</span> <span class='ocrx_word' id='word_1_42' title='bbox 1517 467 1613 504; x_wconf 35' lang='lat' dir='ltr'>,cum</span> <span class='ocrx_word' id='word_1_43' title='bbox 1636 468 1754 504; x_wconf 80' lang='lat' dir='ltr'>aqua,</span> 
     </span>
     <span class='ocr_line' id='line_1_7' title="bbox 151 512 1752 562; baseline -0.001 -14"><span class='ocrx_word' id='word_1_44' title='bbox 151 525 264 562; x_wconf 84' lang='lat' dir='ltr'>quam</span> <span class='ocrx_word' id='word_1_45' title='bbox 286 514 481 562; x_wconf 82' lang='lat' dir='ltr'>aliquoties</span> <span class='ocrx_word' id='word_1_46' title='bbox 502 526 586 549; x_wconf 89' lang='lat' dir='ltr'>cum</span> <span class='ocrx_word' id='word_1_47' title='bbox 603 513 756 548; x_wconf 80' lang='lat' dir='ltr'>fontana</span> <span class='ocrx_word' id='word_1_48' title='bbox 776 512 835 549; x_wconf 88' lang='lat' dir='ltr'>vel</span> <span class='ocrx_word' id='word_1_49' title='bbox 856 512 1002 546; x_wconf 76' lang='lat' dir='ltr'>lacustri</span> <span class='ocrx_word' id='word_1_50' title='bbox 1019 517 1154 560; x_wconf 88' lang='lat' dir='ltr'>puriori</span> <span class='ocrx_word' id='word_1_51' title='bbox 1171 518 1326 556; x_wconf 83' lang='lat' dir='ltr'>mutavi,</span> <span class='ocrx_word' id='word_1_52' title='bbox 1341 522 1381 547; x_wconf 88' lang='lat' dir='ltr'>ut</span> <span class='ocrx_word' id='word_1_53' title='bbox 1396 512 1557 547; x_wconf 84' lang='lat' dir='ltr'>viderem</span> <span class='ocrx_word' id='word_1_54' title='bbox 1571 525 1617 547; x_wconf 90' lang='lat' dir='ltr'>an</span> <span class='ocrx_word' id='word_1_55' title='bbox 1638 513 1752 547; x_wconf 80' lang='lat' dir='ltr'>ullum</span> 
     </span>
     <span class='ocr_line' id='line_1_8' title="bbox 151 568 1754 618; baseline 0 -14"><span class='ocrx_word' id='word_1_56' title='bbox 151 571 323 618; x_wconf 78' lang='lat' dir='ltr'>delapsae</span> <span class='ocrx_word' id='word_1_57' title='bbox 342 571 479 606; x_wconf 86' lang='lat' dir='ltr'>caudae</span> <span class='ocrx_word' id='word_1_58' title='bbox 497 576 689 617; x_wconf 82' lang='lat' dir='ltr'>vestigium</span> <span class='ocrx_word' id='word_1_59' title='bbox 708 570 766 606; x_wconf 86' lang='lat' dir='ltr'>vel</span> <span class='ocrx_word' id='word_1_60' title='bbox 782 568 1029 617; x_wconf 82' lang='lat' dir='ltr'>fragmentum</span> <span class='ocrx_word' id='word_1_61' title='bbox 1044 575 1247 616; x_wconf 82' lang='lat' dir='ltr'>reperirem.</span> <span class='ocrx_word' id='word_1_62' title='bbox 1267 568 1372 604; x_wconf 85' lang='lat' dir='ltr'>Nihil</span> <span class='ocrx_word' id='word_1_63' title='bbox 1387 574 1514 617; x_wconf 88' lang='lat' dir='ltr'>reperi.</span> <span class='ocrx_word' id='word_1_64' title='bbox 1533 569 1606 604; x_wconf 83' lang='lat' dir='ltr'>Sex</span> <span class='ocrx_word' id='word_1_65' title='bbox 1625 568 1754 617; x_wconf 70' lang='lat' dir='ltr'>elapsis</span> 
     </span>
     <span class='ocr_line' id='line_1_9' title="bbox 152 626 655 662; baseline 0 0"><span class='ocrx_word' id='word_1_66' title='bbox 152 627 280 662; x_wconf 86' lang='lat' dir='ltr'>diebus</span> <span class='ocrx_word' id='word_1_67' title='bbox 299 637 482 662; x_wconf 89' lang='lat' dir='ltr'>mortuam</span> <span class='ocrx_word' id='word_1_68' title='bbox 506 626 655 662; x_wconf 90' lang='lat' dir='ltr'>offendi.</span> 
     </span>
    </p>

    <p class='ocr_par' dir='ltr' id='par_1_5' title="bbox 151 681 1755 789">
     <span class='ocr_line' id='line_1_10' title="bbox 224 681 1755 732; baseline -0.003 -12"><span class='ocrx_word' id='word_1_69' title='bbox 224 684 364 720; x_wconf 89' lang='lat' dir='ltr'>Ultima</span> <span class='ocrx_word' id='word_1_70' title='bbox 383 689 421 718; x_wconf 90' lang='lat' dir='ltr'>in</span> <span class='ocrx_word' id='word_1_71' title='bbox 441 696 521 718; x_wconf 88' lang='lat' dir='ltr'>vase</span> <span class='ocrx_word' id='word_1_72' title='bbox 536 689 575 718; x_wconf 87' lang='lat' dir='ltr'>in</span> <span class='ocrx_word' id='word_1_73' title='bbox 599 696 673 732; x_wconf 88' lang='lat' dir='ltr'>quo</span> <span class='ocrx_word' id='word_1_74' title='bbox 694 683 834 732; x_wconf 84' lang='lat' dir='ltr'>aliquid</span> <span class='ocrx_word' id='word_1_75' title='bbox 854 682 1047 718; x_wconf 80' lang='lat' dir='ltr'>conservae</span> <span class='ocrx_word' id='word_1_76' title='bbox 1065 692 1101 717; x_wconf 88' lang='lat' dir='ltr'>et</span> <span class='ocrx_word' id='word_1_77' title='bbox 1122 682 1282 728; x_wconf 81' lang='lat' dir='ltr'>najadis,</span> <span class='ocrx_word' id='word_1_78' title='bbox 1302 688 1430 717; x_wconf 85' lang='lat' dir='ltr'>amissa</span> <span class='ocrx_word' id='word_1_79' title='bbox 1451 682 1523 717; x_wconf 81' lang='lat' dir='ltr'>fere</span> <span class='ocrx_word' id='word_1_80' title='bbox 1545 691 1622 717; x_wconf 86' lang='lat' dir='ltr'>tota</span> <span class='ocrx_word' id='word_1_81' title='bbox 1639 681 1755 716; x_wconf 80' lang='lat' dir='ltr'>cauda</span> 
     </span>
     <span class='ocr_line' id='line_1_11' title="bbox 151 739 1569 789; baseline 0.001 -16"><span class='ocrx_word' id='word_1_82' title='bbox 151 745 330 774; x_wconf 90' lang='lat' dir='ltr'>continuo</span> <span class='ocrx_word' id='word_1_83' title='bbox 350 746 486 776; x_wconf 86' lang='lat' dir='ltr'>natavit</span> <span class='ocrx_word' id='word_1_84' title='bbox 501 754 570 776; x_wconf 89' lang='lat' dir='ltr'>nec</span> <span class='ocrx_word' id='word_1_85' title='bbox 590 741 725 789; x_wconf 83' lang='lat' dir='ltr'>plantis</span> <span class='ocrx_word' id='word_1_86' title='bbox 744 740 886 775; x_wconf 81' lang='lat' dir='ltr'>insedit.</span> <span class='ocrx_word' id='word_1_87' title='bbox 914 741 963 774; x_wconf 90' lang='lat' dir='ltr'>D.</span> <span class='ocrx_word' id='word_1_88' title='bbox 987 754 1017 787; x_wconf 89' lang='lat'>7.</span> <span class='ocrx_word' id='word_1_89' title='bbox 1035 739 1228 774; x_wconf 83' lang='lat' dir='ltr'>Fructiferi</span> <span class='ocrx_word' id='word_1_90' title='bbox 1247 750 1391 774; x_wconf 84' lang='lat' dir='ltr'>mortua</span> <span class='ocrx_word' id='word_1_91' title='bbox 1412 745 1569 774; x_wconf 84' lang='lat' dir='ltr'>inventa.</span> 
     </span>
    </p>

    <p class='ocr_par' dir='ltr' id='par_1_6' title="bbox 149 795 1756 1072">
     <span class='ocr_line' id='line_1_12' title="bbox 225 795 1756 846; baseline -0.001 -14"><span class='ocrx_word' id='word_1_92' title='bbox 225 797 439 832; x_wconf 86' lang='lat' dir='ltr'>Jucundum</span> <span class='ocrx_word' id='word_1_93' title='bbox 454 807 531 832; x_wconf 83' lang='lat' dir='ltr'>erat</span> <span class='ocrx_word' id='word_1_94' title='bbox 550 798 689 843; x_wconf 86' lang='lat' dir='ltr'>videre,</span> <span class='ocrx_word' id='word_1_95' title='bbox 705 810 776 846; x_wconf 87' lang='lat' dir='ltr'>qua</span> <span class='ocrx_word' id='word_1_96' title='bbox 790 803 932 832; x_wconf 84' lang='lat' dir='ltr'>ratione</span> <span class='ocrx_word' id='word_1_97' title='bbox 950 795 1151 844; x_wconf 89' lang='lat' dir='ltr'>aliquando</span> <span class='ocrx_word' id='word_1_98' title='bbox 1172 809 1259 831; x_wconf 86' lang='lat' dir='ltr'>rana</span> <span class='ocrx_word' id='word_1_99' title='bbox 1277 795 1426 830; x_wconf 82' lang='lat' dir='ltr'>arborea</span> <span class='ocrx_word' id='word_1_100' title='bbox 1439 797 1559 830; x_wconf 86' lang='lat' dir='ltr'>media</span> <span class='ocrx_word' id='word_1_101' title='bbox 1583 795 1641 830; x_wconf 86' lang='lat' dir='ltr'>die</span> <span class='ocrx_word' id='word_1_102' title='bbox 1664 800 1756 830; x_wconf 84' lang='lat' dir='ltr'>osci-</span> 
     </span>
     <span class='ocr_line' id='line_1_13' title="bbox 150 852 1756 901; baseline -0.001 -13"><span class='ocrx_word' id='word_1_103' title='bbox 150 853 265 888; x_wconf 78' lang='lat' dir='ltr'>tando</span> <span class='ocrx_word' id='word_1_104' title='bbox 278 881 286 897; x_wconf 93' lang='lat'>,</span> <span class='ocrx_word' id='word_1_105' title='bbox 306 853 603 901; x_wconf 82' lang='lat' dir='ltr'>pandiculandO,</span> <span class='ocrx_word' id='word_1_106' title='bbox 622 866 726 889; x_wconf 85' lang='lat' dir='ltr'>nares</span> <span class='ocrx_word' id='word_1_107' title='bbox 744 863 779 888; x_wconf 86' lang='lat' dir='ltr'>et</span> <span class='ocrx_word' id='word_1_108' title='bbox 798 859 999 901; x_wconf 81' lang='lat' dir='ltr'>posteriora</span> <span class='ocrx_word' id='word_1_109' title='bbox 1021 852 1186 887; x_wconf 79' lang='lat' dir='ltr'>fricando</span> <span class='ocrx_word' id='word_1_110' title='bbox 1205 865 1281 888; x_wconf 86' lang='lat' dir='ltr'>sese</span> <span class='ocrx_word' id='word_1_111' title='bbox 1306 852 1496 887; x_wconf 80' lang='lat' dir='ltr'>comebat:</span> <span class='ocrx_word' id='word_1_112' title='bbox 1518 865 1590 900; x_wconf 86' lang='lat' dir='ltr'>quo</span> <span class='ocrx_word' id='word_1_113' title='bbox 1613 852 1756 887; x_wconf 87' lang='lat' dir='ltr'>accedit</span> 
     </span>
     <span class='ocr_line' id='line_1_14' title="bbox 150 908 1756 958; baseline 0 -15"><span class='ocrx_word' id='word_1_114' title='bbox 150 909 467 958; x_wconf 83' lang='lat' dir='ltr'>quadrupedibus:</span> <span class='ocrx_word' id='word_1_115' title='bbox 491 910 636 945; x_wconf 86' lang='lat' dir='ltr'>testudo</span> <span class='ocrx_word' id='word_1_116' title='bbox 659 923 737 945; x_wconf 91' lang='lat' dir='ltr'>non</span> <span class='ocrx_word' id='word_1_117' title='bbox 750 915 838 945; x_wconf 88' lang='lat' dir='ltr'>item</span> <span class='ocrx_word' id='word_1_118' title='bbox 859 909 954 944; x_wconf 72' lang='lat' dir='ltr'>Facit.</span> <span class='ocrx_word' id='word_1_119' title='bbox 983 909 1067 943; x_wconf 90' lang='lat' dir='ltr'>Vidi</span> <span class='ocrx_word' id='word_1_120' title='bbox 1083 921 1197 956; x_wconf 89' lang='lat' dir='ltr'>quum</span> <span class='ocrx_word' id='word_1_121' title='bbox 1216 908 1413 956; x_wconf 84' lang='lat' dir='ltr'>parietibus</span> <span class='ocrx_word' id='word_1_122' title='bbox 1430 914 1510 943; x_wconf 87' lang='lat' dir='ltr'>vitri</span> <span class='ocrx_word' id='word_1_123' title='bbox 1530 908 1756 953; x_wconf 80' lang='lat' dir='ltr'>adhaereret,</span> 
     </span>
     <span class='ocr_line' id='line_1_15' title="bbox 149 964 1755 1014; baseline 0 -15"><span class='ocrx_word' id='word_1_124' title='bbox 149 977 291 1000; x_wconf 83' lang='lat' dir='ltr'>muscas</span> <span class='ocrx_word' id='word_1_125' title='bbox 313 971 423 1013; x_wconf 84' lang='lat' dir='ltr'>capiti</span> <span class='ocrx_word' id='word_1_126' title='bbox 441 966 616 1010; x_wconf 77' lang='lat' dir='ltr'>insidere,</span> <span class='ocrx_word' id='word_1_127' title='bbox 641 979 729 1014; x_wconf 85' lang='lat' dir='ltr'>quas</span> <span class='ocrx_word' id='word_1_128' title='bbox 755 979 864 1013; x_wconf 83' lang='lat' dir='ltr'>saepe</span> <span class='ocrx_word' id='word_1_129' title='bbox 888 978 967 1000; x_wconf 89' lang='lat' dir='ltr'>non</span> <span class='ocrx_word' id='word_1_130' title='bbox 990 964 1150 1000; x_wconf 87' lang='lat' dir='ltr'>curabat.</span> <span class='ocrx_word' id='word_1_131' title='bbox 1177 965 1263 1000; x_wconf 88' lang='lat' dir='ltr'>Vidi</span> <span class='ocrx_word' id='word_1_132' title='bbox 1286 974 1411 999; x_wconf 83' lang='lat' dir='ltr'>tamen</span> <span class='ocrx_word' id='word_1_133' title='bbox 1441 971 1552 1000; x_wconf 82' lang='lat' dir='ltr'>etiam</span> <span class='ocrx_word' id='word_1_134' title='bbox 1580 964 1654 999; x_wconf 85' lang='lat' dir='ltr'>hoc</span> <span class='ocrx_word' id='word_1_135' title='bbox 1676 971 1755 1013; x_wconf 83' lang='lat' dir='ltr'>ipso</span> 
     </span>
     <span class='ocr_line' id='line_1_16' title="bbox 150 1020 880 1072; baseline 0.003 -17"><span class='ocrx_word' id='word_1_136' title='bbox 150 1026 188 1055; x_wconf 87' lang='lat' dir='ltr'>in</span> <span class='ocrx_word' id='word_1_137' title='bbox 214 1026 284 1056; x_wconf 82' lang='lat' dir='ltr'>situ</span> <span class='ocrx_word' id='word_1_138' title='bbox 307 1022 471 1069; x_wconf 85' lang='lat' dir='ltr'>projecta</span> <span class='ocrx_word' id='word_1_139' title='bbox 493 1020 618 1072; x_wconf 81' lang='lat' dir='ltr'>lingua</span> <span class='ocrx_word' id='word_1_140' title='bbox 641 1033 701 1056; x_wconf 84' lang='lat' dir='ltr'>eas</span> <span class='ocrx_word' id='word_1_141' title='bbox 723 1021 880 1069; x_wconf 26' lang='lat' dir='ltr'>ligur-iret</span> 
     </span>
    </p>
   </div>
   <div class='ocr_carea' id='block_1_3' title="bbox 564 1136 1343 1181">
    <p class='ocr_par' dir='ltr' id='par_1_7' title="bbox 564 1136 1343 1181">
     <span class='ocr_line' id='line_1_17' title="bbox 564 1136 1343 1181; baseline -0.001 -1"><span class='ocrx_word' id='word_1_142' title='bbox 564 1137 787 1180; x_wconf 87' lang='lat' dir='ltr'><strong>RANA</strong></span> <span class='ocrx_word' id='word_1_143' title='bbox 841 1136 1343 1181; x_wconf 88' lang='lat' dir='ltr'><strong>ESCULENTA.</strong></span> 
     </span>
    </p>
   </div>
   <div class='ocr_carea' id='block_1_4' title="bbox 150 1244 1758 1577">
    <p class='ocr_par' dir='ltr' id='par_1_8' title="bbox 150 1244 1758 1505">
     <span class='ocr_line' id='line_1_18' title="bbox 224 1244 1757 1296; baseline 0.002 -15"><span class='ocrx_word' id='word_1_144' title='bbox 224 1245 393 1281; x_wconf 61' lang='lat' dir='ltr'>Dmr‘rus</span> <span class='ocrx_word' id='word_1_145' title='bbox 419 1244 602 1280; x_wconf 84' lang='lat' dir='ltr'>secundus</span> <span class='ocrx_word' id='word_1_146' title='bbox 630 1245 783 1281; x_wconf 88' lang='lat' dir='ltr'>brevior.</span> <span class='ocrx_word' id='word_1_147' title='bbox 812 1246 948 1281; x_wconf 85' lang='lat' dir='ltr'>Clunes</span> <span class='ocrx_word' id='word_1_148' title='bbox 970 1253 1109 1296; x_wconf 85' lang='lat' dir='ltr'>postice</span> <span class='ocrx_word' id='word_1_149' title='bbox 1132 1247 1346 1296; x_wconf 86' lang='lat' dir='ltr'>papillosae.</span> <span class='ocrx_word' id='word_1_150' title='bbox 1375 1245 1547 1282; x_wconf 75' lang='lat' dir='ltr'>Maeuiae</span> <span class='ocrx_word' id='word_1_151' title='bbox 1570 1252 1694 1296; x_wconf 84' lang='lat' dir='ltr'>nigrae</span> <span class='ocrx_word' id='word_1_152' title='bbox 1718 1253 1757 1284; x_wconf 89' lang='lat' dir='ltr'>in</span> 
     </span>
     <span class='ocr_line' id='line_1_19' title="bbox 153 1301 1756 1352; baseline 0.002 -16"><span class='ocrx_word' id='word_1_153' title='bbox 153 1301 262 1337; x_wconf 86' lang='lat' dir='ltr'>dorso</span> <span class='ocrx_word' id='word_1_154' title='bbox 284 1301 515 1337; x_wconf 85' lang='lat' dir='ltr'>subelevatae</span> <span class='ocrx_word' id='word_1_155' title='bbox 535 1302 741 1350; x_wconf 87' lang='lat' dir='ltr'>depressam</span> <span class='ocrx_word' id='word_1_156' title='bbox 757 1302 896 1337; x_wconf 89' lang='lat' dir='ltr'>lentem</span> <span class='ocrx_word' id='word_1_157' title='bbox 915 1303 1129 1349; x_wconf 85' lang='lat' dir='ltr'>referentes,</span> <span class='ocrx_word' id='word_1_158' title='bbox 1152 1317 1270 1352; x_wconf 89' lang='lat' dir='ltr'>neque</span> <span class='ocrx_word' id='word_1_159' title='bbox 1286 1316 1376 1352; x_wconf 90' lang='lat' dir='ltr'>pure</span> <span class='ocrx_word' id='word_1_160' title='bbox 1393 1309 1538 1351; x_wconf 81' lang='lat' dir='ltr'>nigrae,</span> <span class='ocrx_word' id='word_1_161' title='bbox 1563 1306 1627 1339; x_wconf 89' lang='lat' dir='ltr'>sed</span> <span class='ocrx_word' id='word_1_162' title='bbox 1645 1318 1756 1340; x_wconf 87' lang='lat' dir='ltr'>aureo</span> 
     </span>
     <span class='ocr_line' id='line_1_20' title="bbox 152 1359 1757 1407; baseline 0.002 -14"><span class='ocrx_word' id='word_1_163' title='bbox 152 1364 273 1393; x_wconf 81' lang='lat' dir='ltr'>nitore</span> <span class='ocrx_word' id='word_1_164' title='bbox 292 1364 550 1393; x_wconf 86' lang='lat' dir='ltr'>interstinctae.</span> <span class='ocrx_word' id='word_1_165' title='bbox 577 1361 690 1393; x_wconf 89' lang='lat' dir='ltr'>Linea</span> <span class='ocrx_word' id='word_1_166' title='bbox 711 1359 863 1393; x_wconf 83' lang='lat' dir='ltr'>dorsalis</span> <span class='ocrx_word' id='word_1_167' title='bbox 882 1360 1003 1394; x_wconf 88' lang='lat' dir='ltr'>media</span> <span class='ocrx_word' id='word_1_168' title='bbox 1025 1367 1151 1407; x_wconf 89' lang='lat' dir='ltr'>utique</span> <span class='ocrx_word' id='word_1_169' title='bbox 1171 1361 1263 1395; x_wconf 84' lang='lat' dir='ltr'>ssavo</span> <span class='ocrx_word' id='word_1_170' title='bbox 1287 1359 1413 1393; x_wconf 85' lang='lat' dir='ltr'>colore</span> <span class='ocrx_word' id='word_1_171' title='bbox 1432 1370 1575 1394; x_wconf 87' lang='lat' dir='ltr'>tantum</span> <span class='ocrx_word' id='word_1_172' title='bbox 1590 1361 1757 1407; x_wconf 89' lang='lat' dir='ltr'>formata,</span> 
     </span>
     <span class='ocr_line' id='line_1_21' title="bbox 150 1414 1758 1463; baseline 0.002 -13"><span class='ocrx_word' id='word_1_173' title='bbox 150 1415 216 1450; x_wconf 79' lang='lat' dir='ltr'>sed</span> <span class='ocrx_word' id='word_1_174' title='bbox 235 1414 328 1449; x_wconf 80' lang='lat' dir='ltr'>duae</span> <span class='ocrx_word' id='word_1_175' title='bbox 343 1414 512 1449; x_wconf 86' lang='lat' dir='ltr'>laterales</span> <span class='ocrx_word' id='word_1_176' title='bbox 531 1415 703 1450; x_wconf 83' lang='lat' dir='ltr'>elevatae.</span> <span class='ocrx_word' id='word_1_177' title='bbox 730 1416 830 1449; x_wconf 86' lang='lat' dir='ltr'>Inter</span> <span class='ocrx_word' id='word_1_178' title='bbox 844 1415 1118 1463; x_wconf 87' lang='lat' dir='ltr'>respirandum,</span> <span class='ocrx_word' id='word_1_179' title='bbox 1134 1424 1174 1450; x_wconf 93' lang='lat' dir='ltr'>ut</span> <span class='ocrx_word' id='word_1_180' title='bbox 1188 1421 1225 1449; x_wconf 93' lang='lat' dir='ltr'>in</span> <span class='ocrx_word' id='word_1_181' title='bbox 1240 1415 1317 1450; x_wconf 90' lang='lat' dir='ltr'>aliis</span> <span class='ocrx_word' id='word_1_182' title='bbox 1330 1415 1487 1450; x_wconf 83' lang='lat' dir='ltr'>musculi</span> <span class='ocrx_word' id='word_1_183' title='bbox 1505 1416 1758 1463; x_wconf 82' lang='lat' dir='ltr'>mylohyoidei</span> 
     </span>
     <span class='ocr_line' id='line_1_22' title="bbox 150 1481 356 1505; baseline 0 0"><span class='ocrx_word' id='word_1_184' title='bbox 150 1481 356 1505; x_wconf 87' lang='lat' dir='ltr'>moventur.</span> 
     </span>
    </p>

    <p class='ocr_par' dir='ltr' id='par_1_9' title="bbox 200 1526 1757 1577">
     <span class='ocr_line' id='line_1_23' title="bbox 200 1526 1757 1577; baseline 0.004 -16"><span class='ocrx_word' id='word_1_185' title='bbox 200 1529 270 1562; x_wconf 88' lang='lat' dir='ltr'>Per</span> <span class='ocrx_word' id='word_1_186' title='bbox 287 1526 567 1575; x_wconf 85' lang='lat' dir='ltr'>quatuordecim</span> <span class='ocrx_word' id='word_1_187' title='bbox 588 1526 664 1561; x_wconf 86' lang='lat' dir='ltr'>dies</span> <span class='ocrx_word' id='word_1_188' title='bbox 681 1532 719 1561; x_wconf 88' lang='lat' dir='ltr'>in</span> <span class='ocrx_word' id='word_1_189' title='bbox 738 1538 820 1560; x_wconf 84' lang='lat' dir='ltr'>vase</span> <span class='ocrx_word' id='word_1_190' title='bbox 840 1538 1035 1574; x_wconf 82' lang='lat' dir='ltr'>posueram</span> <span class='ocrx_word' id='word_1_191' title='bbox 1054 1527 1222 1562; x_wconf 89' lang='lat' dir='ltr'>obscuro.</span> <span class='ocrx_word' id='word_1_192' title='bbox 1240 1528 1338 1562; x_wconf 89' lang='lat' dir='ltr'>Tum</span> <span class='ocrx_word' id='word_1_193' title='bbox 1354 1534 1457 1577; x_wconf 86' lang='lat' dir='ltr'>posui</span> <span class='ocrx_word' id='word_1_194' title='bbox 1477 1535 1514 1564; x_wconf 92' lang='lat' dir='ltr'>in</span> <span class='ocrx_word' id='word_1_195' title='bbox 1528 1535 1620 1565; x_wconf 85' lang='lat' dir='ltr'>vitro</span> <span class='ocrx_word' id='word_1_196' title='bbox 1635 1559 1642 1574; x_wconf 92' lang='lat'>,</span> <span class='ocrx_word' id='word_1_197' title='bbox 1655 1531 1757 1567; x_wconf 81' lang='lat' dir='ltr'>exhi-</span> 
     </span>
    </p>
   </div>
   <div class='ocr_carea' id='block_1_5' title="bbox 153 1583 1731 1637">
    <p class='ocr_par' dir='ltr' id='par_1_10' title="bbox 153 1583 1731 1637">
     <span class='ocr_line' id='line_1_24' title="bbox 153 1583 1731 1637; baseline 0.003 -18"><span class='ocrx_word' id='word_1_198' title='bbox 153 1583 216 1619; x_wconf 92' lang='lat' dir='ltr'>bui</span> <span class='ocrx_word' id='word_1_199' title='bbox 236 1596 377 1619; x_wconf 82' lang='lat' dir='ltr'>muscas</span> <span class='ocrx_word' id='word_1_200' title='bbox 395 1594 431 1619; x_wconf 92' lang='lat' dir='ltr'>et</span> <span class='ocrx_word' id='word_1_201' title='bbox 450 1589 594 1618; x_wconf 87' lang='lat' dir='ltr'>oniscos</span> <span class='ocrx_word' id='word_1_202' title='bbox 607 1611 616 1629; x_wconf 91' lang='lat'>,</span> <span class='ocrx_word' id='word_1_203' title='bbox 638 1595 731 1632; x_wconf 88' lang='lat' dir='ltr'>quos</span> <span class='ocrx_word' id='word_1_204' title='bbox 750 1595 828 1618; x_wconf 88' lang='lat' dir='ltr'>non</span> <span class='ocrx_word' id='word_1_205' title='bbox 848 1589 975 1631; x_wconf 82' lang='lat' dir='ltr'>tetigit.</span> <span class='ocrx_word' id='word_1_206' title='bbox 1001 1585 1185 1632; x_wconf 83' lang='lat' dir='ltr'>Vigesimo</span> <span class='ocrx_word' id='word_1_207' title='bbox 1209 1585 1268 1620; x_wconf 90' lang='lat' dir='ltr'>die</span> <span class='ocrx_word' id='word_1_208' title='bbox 1291 1596 1437 1622; x_wconf 88' lang='lat' dir='ltr'>mortua</span> <span class='ocrx_word' id='word_1_209' title='bbox 1458 1588 1571 1633; x_wconf 89' lang='lat' dir='ltr'>jacuit</span> <span class='ocrx_word' id='word_1_210' title='bbox 1593 1594 1731 1637; x_wconf 88' lang='lat' dir='ltr'>supina.</span> 
     </span>
    </p>
   </div>
   <div class='ocr_carea' id='block_1_6' title="bbox 220 1700 1686 1753">
    <p class='ocr_par' dir='ltr' id='par_1_11' title="bbox 220 1700 1686 1753">
     <span class='ocr_line' id='line_1_25' title="bbox 220 1700 1686 1753; baseline 0.003 -11"><span class='ocrx_word' id='word_1_211' title='bbox 220 1700 560 1743; x_wconf 86' lang='lat' dir='ltr'><strong>LACERTA</strong></span> <span class='ocrx_word' id='word_1_212' title='bbox 592 1700 1096 1753; x_wconf 85' lang='lat' dir='ltr'>CROCODILUS,</span> <span class='ocrx_word' id='word_1_213' title='bbox 1127 1700 1686 1747; x_wconf 85' lang='lat' dir='ltr'>LONGIROSTRIS.</span> 
     </span>
    </p>
   </div>
   <div class='ocr_carea' id='block_1_7' title="bbox 152 1805 1759 2196">
    <p class='ocr_par' dir='ltr' id='par_1_12' title="bbox 152 1805 1759 2196">
     <span class='ocr_line' id='line_1_26' title="bbox 225 1805 1759 1855; baseline 0.003 -15"><span class='ocrx_word' id='word_1_214' title='bbox 225 1808 456 1841; x_wconf 79' lang='lat' dir='ltr'>LoNoiTuno</span> <span class='ocrx_word' id='word_1_215' title='bbox 478 1805 635 1840; x_wconf 87' lang='lat' dir='ltr'>duorum</span> <span class='ocrx_word' id='word_1_216' title='bbox 651 1806 788 1854; x_wconf 89' lang='lat' dir='ltr'>pedum</span> <span class='ocrx_word' id='word_1_217' title='bbox 807 1816 844 1842; x_wconf 87' lang='lat' dir='ltr'>et</span> <span class='ocrx_word' id='word_1_218' title='bbox 858 1812 966 1842; x_wconf 89' lang='lat' dir='ltr'>trium</span> <span class='ocrx_word' id='word_1_219' title='bbox 981 1806 1170 1855; x_wconf 76' lang='lat' dir='ltr'>pollicum.</span> <span class='ocrx_word' id='word_1_220' title='bbox 1197 1805 1257 1840; x_wconf 91' lang='lat' dir='ltr'>Ab</span> <span class='ocrx_word' id='word_1_221' title='bbox 1276 1812 1378 1854; x_wconf 87' lang='lat' dir='ltr'>apice</span> <span class='ocrx_word' id='word_1_222' title='bbox 1399 1813 1503 1841; x_wconf 87' lang='lat' dir='ltr'>rostri</span> <span class='ocrx_word' id='word_1_223' title='bbox 1519 1807 1564 1842; x_wconf 85' lang='lat' dir='ltr'>ad</span> <span class='ocrx_word' id='word_1_224' title='bbox 1581 1808 1759 1845; x_wconf 82' lang='lat' dir='ltr'>canthum</span> 
     </span>
     <span class='ocr_line' id='line_1_27' title="bbox 153 1862 1758 1913; baseline 0.002 -16"><span class='ocrx_word' id='word_1_225' title='bbox 153 1862 251 1897; x_wconf 87' lang='lat' dir='ltr'>oculi</span> <span class='ocrx_word' id='word_1_226' title='bbox 279 1867 502 1896; x_wconf 86' lang='lat' dir='ltr'>anteriorem</span> <span class='ocrx_word' id='word_1_227' title='bbox 531 1872 599 1897; x_wconf 81' lang='lat' dir='ltr'>tres</span> <span class='ocrx_word' id='word_1_228' title='bbox 628 1862 783 1911; x_wconf 81' lang='lat' dir='ltr'>pollices</span> <span class='ocrx_word' id='word_1_229' title='bbox 816 1874 955 1911; x_wconf 86' lang='lat' dir='ltr'>septem</span> <span class='ocrx_word' id='word_1_230' title='bbox 982 1863 1101 1898; x_wconf 89' lang='lat' dir='ltr'>lineae</span> <span class='ocrx_word' id='word_1_231' title='bbox 1129 1876 1213 1897; x_wconf 89' lang='lat' dir='ltr'>cum</span> <span class='ocrx_word' id='word_1_232' title='bbox 1241 1863 1402 1898; x_wconf 87' lang='lat' dir='ltr'>dimidia.</span> <span class='ocrx_word' id='word_1_233' title='bbox 1438 1864 1497 1898; x_wconf 90' lang='lat' dir='ltr'>Ab</span> <span class='ocrx_word' id='word_1_234' title='bbox 1521 1871 1624 1913; x_wconf 82' lang='lat' dir='ltr'>apice</span> <span class='ocrx_word' id='word_1_235' title='bbox 1654 1873 1758 1902; x_wconf 83' lang='lat' dir='ltr'>rostri</span> 
     </span>
     <span class='ocr_line' id='line_1_28' title="bbox 153 1918 1758 1968; baseline 0.002 -14"><span class='ocrx_word' id='word_1_236' title='bbox 153 1919 199 1954; x_wconf 88' lang='lat' dir='ltr'>ad</span> <span class='ocrx_word' id='word_1_237' title='bbox 223 1918 398 1966; x_wconf 80' lang='lat' dir='ltr'>angulum</span> <span class='ocrx_word' id='word_1_238' title='bbox 428 1925 499 1953; x_wconf 85' lang='lat' dir='ltr'>oris</span> <span class='ocrx_word' id='word_1_239' title='bbox 527 1929 684 1967; x_wconf 87' lang='lat' dir='ltr'>quatuor</span> <span class='ocrx_word' id='word_1_240' title='bbox 703 1920 879 1968; x_wconf 86' lang='lat' dir='ltr'>pollices,</span> <span class='ocrx_word' id='word_1_241' title='bbox 905 1931 974 1955; x_wconf 85' lang='lat' dir='ltr'>tres</span> <span class='ocrx_word' id='word_1_242' title='bbox 995 1920 1121 1956; x_wconf 82' lang='lat' dir='ltr'>lineae.</span> <span class='ocrx_word' id='word_1_243' title='bbox 1149 1919 1208 1954; x_wconf 82' lang='lat' dir='ltr'>Ab</span> <span class='ocrx_word' id='word_1_244' title='bbox 1229 1920 1362 1954; x_wconf 82' lang='lat' dir='ltr'>eodem</span> <span class='ocrx_word' id='word_1_245' title='bbox 1383 1926 1486 1968; x_wconf 86' lang='lat' dir='ltr'>apice</span> <span class='ocrx_word' id='word_1_246' title='bbox 1511 1928 1613 1956; x_wconf 80' lang='lat' dir='ltr'>rostri</span> <span class='ocrx_word' id='word_1_247' title='bbox 1634 1923 1680 1957; x_wconf 82' lang='lat' dir='ltr'>ad</span> <span class='ocrx_word' id='word_1_248' title='bbox 1707 1923 1758 1957; x_wconf 86' lang='lat' dir='ltr'>fe-</span> 
     </span>
     <span class='ocr_line' id='line_1_29' title="bbox 153 1976 1757 2026; baseline 0.002 -16"><span class='ocrx_word' id='word_1_249' title='bbox 153 1988 299 2010; x_wconf 89' lang='lat' dir='ltr'>morum</span> <span class='ocrx_word' id='word_1_250' title='bbox 326 1981 549 2010; x_wconf 80' lang='lat' dir='ltr'>anteriorum</span> <span class='ocrx_word' id='word_1_251' title='bbox 582 1983 821 2011; x_wconf 87' lang='lat' dir='ltr'>insertionem</span> <span class='ocrx_word' id='word_1_252' title='bbox 851 1987 991 2026; x_wconf 86' lang='lat' dir='ltr'>septem</span> <span class='ocrx_word' id='word_1_253' title='bbox 1018 1976 1192 2024; x_wconf 83' lang='lat' dir='ltr'>pollices,</span> <span class='ocrx_word' id='word_1_254' title='bbox 1225 1989 1359 2010; x_wconf 89' lang='lat' dir='ltr'>novem</span> <span class='ocrx_word' id='word_1_255' title='bbox 1391 1976 1519 2012; x_wconf 83' lang='lat' dir='ltr'>lineae.</span> <span class='ocrx_word' id='word_1_256' title='bbox 1548 1979 1757 2024; x_wconf 74' lang='lat' dir='ltr'>Longitndo</span> 
     </span>
     <span class='ocr_line' id='line_1_30' title="bbox 152 2033 1757 2082; baseline 0.003 -16"><span class='ocrx_word' id='word_1_257' title='bbox 152 2033 435 2080; x_wconf 78' lang='lat' dir='ltr'>intercapedinis</span> <span class='ocrx_word' id='word_1_258' title='bbox 451 2039 545 2068; x_wconf 87' lang='lat' dir='ltr'>inter</span> <span class='ocrx_word' id='word_1_259' title='bbox 563 2040 832 2069; x_wconf 73' lang='lat' dir='ltr'>extremitatem</span> <span class='ocrx_word' id='word_1_260' title='bbox 848 2039 1066 2069; x_wconf 83' lang='lat' dir='ltr'>anteriorem</span> <span class='ocrx_word' id='word_1_261' title='bbox 1082 2044 1116 2067; x_wconf 87' lang='lat' dir='ltr'>et</span> <span class='ocrx_word' id='word_1_262' title='bbox 1132 2040 1369 2082; x_wconf 80' lang='lat' dir='ltr'>posteriorem</span> <span class='ocrx_word' id='word_1_263' title='bbox 1390 2040 1552 2082; x_wconf 81' lang='lat' dir='ltr'>quinque</span> <span class='ocrx_word' id='word_1_264' title='bbox 1568 2034 1757 2081; x_wconf 80' lang='lat' dir='ltr'>pollicum.</span> 
     </span>
     <span class='ocr_line' id='line_1_31' title="bbox 154 2088 1758 2138; baseline 0.003 -17"><span class='ocrx_word' id='word_1_265' title='bbox 154 2088 214 2122; x_wconf 85' lang='lat' dir='ltr'>Ab</span> <span class='ocrx_word' id='word_1_266' title='bbox 233 2099 397 2122; x_wconf 81' lang='lat' dir='ltr'>extremo</span> <span class='ocrx_word' id='word_1_267' title='bbox 418 2088 557 2124; x_wconf 83' lang='lat' dir='ltr'>femore</span> <span class='ocrx_word' id='word_1_268' title='bbox 575 2100 636 2124; x_wconf 88' lang='lat' dir='ltr'>aut</span> <span class='ocrx_word' id='word_1_269' title='bbox 657 2090 793 2138; x_wconf 81' lang='lat' dir='ltr'>angulo</span> <span class='ocrx_word' id='word_1_270' title='bbox 814 2096 1023 2125; x_wconf 71' lang='lat' dir='ltr'>insertionis</span> <span class='ocrx_word' id='word_1_271' title='bbox 1047 2097 1248 2138; x_wconf 83' lang='lat' dir='ltr'>posteriore</span> <span class='ocrx_word' id='word_1_272' title='bbox 1271 2090 1317 2125; x_wconf 87' lang='lat' dir='ltr'>ad</span> <span class='ocrx_word' id='word_1_273' title='bbox 1342 2091 1479 2125; x_wconf 78' lang='lat' dir='ltr'>caudae</span> <span class='ocrx_word' id='word_1_274' title='bbox 1501 2096 1661 2137; x_wconf 71' lang='lat' dir='ltr'>apicem,</span> <span class='ocrx_word' id='word_1_275' title='bbox 1685 2101 1758 2126; x_wconf 83' lang='lat' dir='ltr'>tre-</span> 
     </span>
     <span class='ocr_line' id='line_1_32' title="bbox 154 2144 1758 2196; baseline 0.002 -17"><span class='ocrx_word' id='word_1_276' title='bbox 154 2144 274 2179; x_wconf 86' lang='lat' dir='ltr'>decim</span> <span class='ocrx_word' id='word_1_277' title='bbox 302 2145 466 2193; x_wconf 71' lang='lat' dir='ltr'>polliees.</span> <span class='ocrx_word' id='word_1_278' title='bbox 497 2147 706 2194; x_wconf 80' lang='lat' dir='ltr'>Longitudo</span> <span class='ocrx_word' id='word_1_279' title='bbox 733 2148 868 2196; x_wconf 77' lang='lat' dir='ltr'>pedum</span> <span class='ocrx_word' id='word_1_280' title='bbox 897 2153 1122 2182; x_wconf 84' lang='lat' dir='ltr'>anteriorum</span> <span class='ocrx_word' id='word_1_281' title='bbox 1152 2148 1307 2182; x_wconf 84' lang='lat' dir='ltr'>duorum</span> <span class='ocrx_word' id='word_1_282' title='bbox 1342 2147 1540 2196; x_wconf 82' lang='lat' dir='ltr'>pollicum,</span> <span class='ocrx_word' id='word_1_283' title='bbox 1579 2146 1758 2183; x_wconf 79' lang='lat' dir='ltr'>linearum</span> 
     </span>
    </p>
   </div>
   <div class='ocr_carea' id='block_1_8' title="bbox 155 2203 1759 2295">
    <p class='ocr_par' dir='ltr' id='par_1_13' title="bbox 155 2203 1759 2295">
     <span class='ocr_line' id='line_1_33' title="bbox 155 2203 1759 2253; baseline 0.003 -17"><span class='ocrx_word' id='word_1_284' title='bbox 155 2213 308 2246; x_wconf 66' lang='lat' dir='ltr'>novem,</span> <span class='ocrx_word' id='word_1_285' title='bbox 339 2203 476 2250; x_wconf 86' lang='lat' dir='ltr'>pedum</span> <span class='ocrx_word' id='word_1_286' title='bbox 495 2210 760 2252; x_wconf 77' lang='lat' dir='ltr'>posteriorum,</span> <span class='ocrx_word' id='word_1_287' title='bbox 793 2214 950 2253; x_wconf 86' lang='lat' dir='ltr'>quatuor</span> <span class='ocrx_word' id='word_1_288' title='bbox 975 2203 1165 2253; x_wconf 84' lang='lat' dir='ltr'>pollicum.</span> <span class='ocrx_word' id='word_1_289' title='bbox 1204 2205 1416 2252; x_wconf 82' lang='lat' dir='ltr'>Longitudo</span> <span class='ocrx_word' id='word_1_290' title='bbox 1445 2204 1637 2240; x_wconf 76' lang='lat' dir='ltr'>distantiae</span> <span class='ocrx_word' id='word_1_291' title='bbox 1663 2210 1759 2241; x_wconf 86' lang='lat' dir='ltr'>inter</span> 
     </span>
     <span class='ocr_line' id='line_1_34' title="bbox 1412 2259 1486 2295; baseline 0 0"><span class='ocrx_word' id='word_1_292' title='bbox 1412 2259 1486 2295; x_wconf 90' lang='lat' dir='ltr'>Hh</span> 
     </span>
    </p>
   </div>
  </div>
 </body>
</html>
