2054 2748
237 214 287 241 12
600 203 1063 239 OBSERVATIONES
1107 204 1468 235 ZOOLOGICAE.

232 294 458 344 quandoque
477 305 556 329 non
579 292 730 328 admota
749 304 880 335 mann,
902 302 1004 324 more
1028 295 1146 334 canis,
1171 289 1396 338 quandoque
1415 288 1588 324 alterutra
1609 300 1722 324 manu
1740 293 1842 325 ante-

232 358 318 390 riori
345 351 535 395 adhibita,
568 364 645 385 non
677 359 802 385 tamen
833 347 984 391 sedens,
1016 347 1080 382 sed
1106 347 1219 383 tribus
1250 346 1406 395 pedibus
1436 352 1603 381 insistens
1634 346 1843 382 manducat.

233 413 353 458 Caput
377 414 570 457 posteriori
589 407 684 456 pede
707 417 809 441 more
830 409 928 439 canis
952 403 1086 439 leniter
1115 403 1254 452 scalpit.
1281 403 1540 451 Tranquillus,
1559 403 1770 438 nullatenus
1788 409 1843 437 in-

233 466 452 501 commodus
472 477 541 501 nec
559 463 780 499 immundus.
806 463 994 497 Excitatus
1012 467 1127 509 magis
1142 460 1361 509 grunniebat
1373 488 1382 506 ,
1397 471 1432 496 et
1446 460 1615 495 mordere
1629 460 1725 497 velle
1744 460 1844 496 vide—

233 524 356 568 batur,
378 523 442 558 sed
460 528 560 557 irrito
581 520 723 556 effectu.

305 582 339 614 V
342 580 423 615 olae
445 590 619 614 manuum
637 588 782 625 semper
800 576 1016 621 humentes,
1039 576 1140 612 unde
1160 575 1267 611 facile
1287 574 1440 610 scandit.
1468 575 1594 609 Mores
1609 579 1720 610 simiis
1739 586 1844 610 acce-

234 639 363 673 dentes
385 642 493 672 etiam
515 647 564 670 ex
579 647 624 670 eo
646 634 748 684 quod
764 646 907 669 murem
932 637 1053 669 vivum
1076 645 1142 682 per
1162 632 1356 668 dimidium
1379 632 1477 667 diem
1499 643 1577 666 non
1602 632 1761 677 dimisit,
1785 631 1849 666 sed

233 695 402 731 manibus
421 692 656 728 abblanditus
680 702 742 728 est.

307 754 499 788 Mortuum
525 750 667 786 obtinui
693 760 730 786 et
748 755 786 785 in
816 761 943 784 museo
973 761 1160 784 conservo.
1186 747 1422 796 Ampliorem
1450 746 1738 794 descriptionem
1762 744 1848 780 dedi

234 815 272 845 in
290 808 603 856 Nacmsorscher
617 808 713 843 XV.
730 820 823 856 pag.
847 807 924 854 159.

308 866 431 911 Quem
451 866 658 900 Lizmaeus
678 869 717 898 in
743 865 851 900 Μιιε.
881 862 1057 910 Adolplz.
1077 861 1181 897 Fzz'd.
1216 863 1327 898 Tom.
1359 861 1524 898 secundi
1547 859 1741 909 prodnom.
1760 872 1796 907 p.
1817 859 1848 895 5.

234 922 425 967 describit,
452 934 472 957 a
494 934 578 956 meo
599 921 833 969 aliquantum
853 920 1021 955 diversus.

307 982 453 1016 Dentes
473 984 651 1028 primores
670 984 874 1026 superiores
895 990 968 1012 sex.
995 978 1084 1012 Meo
1106 987 1273 1025 quatuor.

308 1036 473 1072 Molares
495 1036 626 1071 obtusi.
656 1037 745 1070 Meo
767 1041 874 1069 acuti.

307 1094 439 1130 Sutura
462 1092 776 1142 perpendicularis
794 1090 992 1140 palpebrae
1015 1096 1219 1140 superioris.
1246 1091 1336 1126 Meo
1355 1089 1451 1125 nihil
1470 1088 1554 1126 tale.

310 1152 467 1186 Aurium
486 1150 603 1186 vellus
618 1155 783 1185 anticum
806 1149 978 1197 pilosum.
1006 1150 1094 1183 Non
1117 1160 1212 1183 meo.

311 1208 437 1243 Cauda
457 1208 505 1243 ad
521 1207 616 1243 talos
635 1219 751 1255 usque
770 1206 951 1254 producta
963 1234 971 1249 ,
995 1204 1142 1240 annulis
1162 1217 1226 1240 sex
1240 1203 1343 1240 albis.
1370 1206 1450 1240 Mei
1466 1202 1582 1252 duplo
1604 1201 1677 1238 fere
1692 1201 1852 1249 longior,

234 1278 313 1301 non
334 1271 384 1299 ita
405 1277 521 1298 crassa
535 1292 544 1309 ,
565 1264 714 1298 annulis
738 1262 916 1297 tredecim
934 1261 1035 1296 albis.

307 1322 369 1356 An
389 1320 576 1357 diversitas
596 1319 699 1369 quod
717 1321 870 1354 Linnaei
889 1323 1077 1367 specimen
1096 1316 1232 1352 femina
1246 1318 1263 1353 ⁶?

314 1459 634 1495 Commersonius
659 1461 697 1490 iu
726 1455 852 1490 Fauna
881 1452 1091 1487 Borbonica
1121 1456 1393 1499 manuscripta,
1422 1462 1515 1500 quae
1544 1464 1655 1501 penes
1686 1464 1747 1487 me
1778 1463 1854 1498 est,

236 1529 378 1567 septem
405 1521 544 1565 species
572 1517 773 1549 Lemurum
801 1509 997 1555 describit,
1029 1520 1183 1557 quarum
1212 1513 1410 1556 praecipue
1439 1509 1690 1545 memorabilis
1715 1519 1768 1545 est
1791 1509 1856 1544 illa

238 1577 302 1611 NJ>
328 1581 402 1622 149.
425 1584 632 1609 occurrens.
1120 1603 1123 1605 ,

311 1633 462 1667 Lemzcr
488 1639 569 1666 toto
604 1639 761 1676 corpore
789 1624 1046 1673 fusco-griseus
1063 1652 1072 1670 ,
1104 1622 1288 1671 glandulis
1320 1621 1533 1659 axillaribus
1560 1622 1700 1659 duabus
1728 1636 1854 1659 excre-

239 1695 350 1724 toriis.
379 1687 449 1722 Vel

312 1746 463 1779 Lemur
476 1753 576 1779 totus
596 1743 874 1790 fusco-griseus,
903 1737 1186 1785 immaculatus,
1217 1736 1394 1786 glandula
1425 1743 1597 1787 utrinque
1626 1749 1713 1786 prae
1736 1737 1856 1773 axillis

241 1801 524 1839 verrucaeformi
547 1805 759 1835 excretoria.

313 1859 371 1894 Le
390 1857 527 1893 lvlaltis
547 1859 723 1892 minime.

314 1918 357 1951 In
377 1915 631 1951 observatione
658 1927 709 1950 12.
731 1913 777 1949 de
801 1911 875 1948 hoc
901 1912 1011 1948 dicit:
1035 1911 1139 1947 nulla
1160 1911 1266 1947 datur
1282 1922 1433 1948 verruca
1452 1907 1712 1957 subgutturalis
1728 1912 1767 1947 in
1786 1906 1858 1943 hac

243 1979 374 2022 specie.
404 1973 551 2007 Absunt
570 1982 607 2007 et
626 1984 711 2019 ergo
727 1971 792 2020 pili
813 1970 900 2005 huic
917 1981 1090 2005 verrucae
1105 1974 1304 2017 congeniti.

322 2029 373 2066 13.
389 2029 522 2065 Axillis
538 2042 623 2065 vero
641 2028 877 2064 brachiorum
897 2036 1177 2076 praeponuntur
1196 2024 1395 2073 glandulae
1423 2022 1514 2059 duae
1541 2021 1858 2067 verrucaeformes,

245 2100 369 2123 semen
387 2087 624 2136 lupinaceum
650 2085 868 2134 (referentes
881 2098 888 2119 :
903 2083 1005 2133 quod
1024 2089 1199 2118 omissum
1219 2082 1302 2130 est.)
1326 2091 1486 2127 erectae,
1501 2080 1622 2116 nudae
1635 2108 1643 2125 ,
1656 2092 1729 2114 una
1743 2084 1858 2114 utrin-

247 2159 340 2194 que,
364 2145 561 2180 humorem
586 2143 768 2192 frequenti
788 2142 943 2177 lambitu
961 2141 1256 2190 suscipiendum,
1283 2150 1318 2175 et
1338 2138 1557 2185 illiniundae
1572 2143 1736 2186 corporis
1753 2135 1859 2171 lanu-

248 2208 342 2250 gini,
368 2213 408 2238 ut
430 2200 643 2247 videbatur,
669 2201 893 2237 destinatum
914 2208 1157 2234 secernentes

326 2267 376 2300 14.
403 2262 435 2296 Is
452 2269 576 2296 autem
600 2258 733 2296 humor
751 2258 946 2301 inodorus,
972 2268 1056 2291 cum
1072 2254 1209 2290 animal
1226 2267 1294 2291 nec
1313 2252 1524 2292 suaveoleat
1543 2264 1612 2289 nec
1630 2250 1774 2288 foeteat.
