2054 2748
305 137 385 183 262
661 141 1136 176 OBSERVATIONES
1182 143 1571 173 ZOOLOGICAE.

304 234 460 271 nullum.
488 234 543 268 Eo
565 231 787 280 frequentius
808 230 940 264 desunt
958 238 1021 264 aut
1039 228 1201 264 solitaria
1227 237 1332 272 sunt,
1360 239 1434 275 quo
1453 236 1537 262 sunt
1561 232 1676 275 magis
1699 232 1738 262 In
1761 234 1910 276 regione

304 297 498 327 anteriore.
1451 328 1453 331 Ι

376 349 539 395 Lingua
558 356 664 381 acute
684 343 816 388 bifida,
837 341 919 390 plus
940 354 1051 391 quam
1071 342 1207 377 lineam
1227 341 1299 376 lata
1313 369 1321 385 ,
1344 347 1449 388 nigro
1470 351 1656 389 punctata.

381 405 499 439 Oculi
519 406 677 451 squamis
702 405 840 448 exiguis
864 399 1063 447 granulatis
1086 398 1323 443 circumdati,
1356 397 1532 446 palpebra
1559 398 1730 434 inferiore
1759 399 1913 435 adscen-

305 460 416 496 dente
435 460 555 494 clausi.

370 518 498 552 Aures
511 513 733 560 orbiculares
749 513 869 548 lineae
889 513 1089 557 diametro,
1110 523 1284 560 tympano
1301 511 1400 546 fusco
1418 511 1585 557 clausae,
1605 524 1651 546 ex
1667 513 1768 558 cujus
1784 522 1911 548 centro

305 573 492 620 divergens
513 570 609 604 linea
633 569 772 605 elevata
794 570 932 618 duplex
953 583 1073 605 versus
1092 575 1293 616 posteriora
1313 574 1397 604 exit.
1424 568 1634 603 Ossiculum
1656 571 1731 615 ejus
1749 575 1914 604 interiori

305 629 507 678 superficiei
523 627 674 662 affixum
695 627 795 662 haud
809 627 892 662 vidi.
922 627 993 661 Sed
1008 639 1052 660 eo
1074 625 1198 660 ablato
1215 631 1303 660 exiit
1323 630 1445 660 statim
1459 638 1584 660 acar-us
1604 631 1752 660 testacei
1767 625 1913 671 coloris,

304 685 581 733 complanatus,
615 684 794 719 mediocri
820 683 1008 719 celeritate
1035 695 1200 728 currens,
1230 683 1360 731 (quem
1380 695 1469 716 mox
1487 688 1611 727 amisi,
1635 693 1675 718 ut
1698 689 1914 718 accuratiori

302 748 464 777 >examini
487 741 664 787 subjicere
684 753 761 775 non
778 740 991 789 potuerim.)

376 798 503 833 Pedes
519 803 719 832 anteriores
735 797 873 832 habent
892 803 931 830 in
950 802 1133 831 anteriore
1157 801 1321 842 margine
1343 801 1471 830 seriem
1486 808 1719 844 squamarum
1733 798 1915 842 majorum

303 861 437 891 sensim
459 855 757 889 decrescentium.
784 856 921 888 Earum
939 854 1100 888 secunda
1125 852 1234 899 triplo
1256 852 1365 887 latior
1383 862 1436 887 est
1456 865 1567 900 quam
1582 852 1705 900 longa.
1731 854 1820 888 Post
1834 866 1916 888 eam

304 918 534 960 primamque
563 923 627 946 sex
651 923 824 959 squamae
853 910 1076 956 majusculae
1102 918 1250 952 ovatae3
1275 908 1362 943 inde
1387 914 1495 944 series
1525 909 1654 943 decem
1681 921 1916 957 squamarum

303 975 491 1002 minorum
511 980 621 1014 quarn
636 973 775 1014 primae
798 972 902 1001 seriei
924 966 1132 1008 descendit3
1149 964 1220 1000 hae
1234 965 1495 1000 descendendo
1510 965 1604 1000 fiunt
1617 967 1782 1010 majores.
1803 967 1914 1000 Retro

303 1024 400 1059 hanc
420 1035 593 1071 squamae
615 1028 768 1068 exiguae
797 1021 1011 1069 granulatae
1035 1027 1212 1056 cinereae.
1247 1019 1382 1055 Subtus
1407 1024 1541 1066 pariter
1564 1020 1777 1066 granulatae
1795 1022 1915 1058 adhuc

303 1085 487 1122 minores,
508 1088 544 1112 et
566 1078 909 1112 virescente-flavae.

377 1136 509 1181 Digito
530 1138 649 1181 primo
670 1145 778 1180 supra
806 1144 981 1180 squamae
1005 1140 1184 1180 quatuor3
1211 1129 1374 1165 secundo
1406 1142 1489 1175 sex;
1512 1136 1621 1166 tertio
1652 1141 1755 1176 01:103
1785 1145 1914 1181 quarto

306 1191 470 1238 ejusdem
491 1202 575 1224 cum
595 1189 841 1238 praecedente
861 1189 1104 1236 longitudinis
1123 1187 1318 1231 undecim3
1336 1192 1464 1234 quinto
1487 1193 1661 1236 quinque.
1687 1190 1838 1236 Ungues
1852 1203 1916 1239 pa-

304 1260 386 1284 rum
406 1253 524 1292 curvi,
547 1247 636 1282 duas
658 1252 777 1282 tertias
801 1245 923 1280 lineae
938 1245 1053 1293 longi.

376 1307 418 1340 In
438 1303 592 1353 pedibus
612 1303 857 1339 anterioribus
878 1302 995 1338 femur
1015 1309 1054 1337 in
1072 1307 1238 1349 margine
1261 1306 1447 1348 superiore
1471 1307 1650 1337 exteriore
1669 1308 1759 1337 serie
1778 1302 1917 1352 duplici

306 1373 540 1410 squamarum
559 1362 742 1406 majorum
761 1370 920 1404 tectum,
939 1365 1040 1406 prior
1053 1370 1287 1404 squamarum
1308 1358 1437 1392 decem
1457 1371 1571 1406 usque
1591 1359 1638 1393 ad
1653 1372 1788 1406 genua:
1802 1360 1916 1396 altera

306 1430 539 1467 squamarum
560 1416 824 1465 septemdecim
849 1427 964 1462 usque
993 1414 1040 1448 ad
1071 1414 1226 1460 digitum
1246 1418 1416 1460 primum.
1445 1416 1586 1448 Harum
1608 1422 1809 1463 superiores
1831 1428 1917 1453 sunt

305 1481 476 1510 minores.
503 1477 544 1509 ln
564 1474 634 1508 iliis
648 1478 744 1507 inter
757 1484 925 1520 squamas
940 1468 1198 1505 abdominales
1212 1478 1248 1502 et
1263 1467 1456 1503 femora-iles
1472 1470 1587 1503 modo
1604 1471 1801 1519 descriptas
1815 1479 1914 1521 regio

306 1530 505 1580 squamulis
525 1534 774 1564 minutissimis
795 1527 993 1575 granulatis
1014 1525 1141 1560 obsita.
1179 1526 1277 1559 Inter
1296 1524 1411 1559 dictas
1435 1525 1523 1559 duas
1542 1531 1671 1572 series,
1698 1538 1734 1562 et
1756 1539 1915 1576 puncto-

306 1601 387 1624 rum
409 1586 650 1622 dicendorum
669 1591 798 1620 seriem
827 1585 921 1619 duae
949 1588 1056 1618 series
1076 1593 1311 1630 squamarum
1338 1581 1580 1616 mediocrium
1603 1596 1758 1620 numero
1781 1598 1916 1621 novem

306 1645 353 1680 ad
373 1644 502 1680 decem
521 1656 635 1691 usque
666 1642 713 1677 ad
735 1641 926 1689 poplitem.
955 1642 1026 1674 I-lic
1052 1648 1188 1687 puncta
1208 1644 1310 1685 nigra
1333 1648 1373 1673 ut
1401 1643 1439 1672 in
1467 1648 1616 1684 ventre,
1641 1641 1704 1675 sed
1724 1654 1915 1690 nunquam

307 1701 493 1750 duplicata
517 1705 607 1734 utin
627 1704 804 1747 squamis,
826 1697 1028 1732 minoribus
1051 1695 1199 1745 scilicet.
1227 1695 1344 1729 Series
1363 1705 1584 1743 punctorum
1604 1702 1863 1744 impressorum
1877 1706 1915 1735 in

305 1763 472 1805 margine
496 1755 645 1790 femoris
664 1754 835 1790 inferiore
856 1760 1056 1803 posteriore
1080 1765 1158 1787 non
1177 1756 1246 1787 nisi
1266 1751 1486 1797 duodecizn3
1513 1765 1627 1801 quum
1645 1753 1758 1789 altera
1782 1755 1916 1792 habeat

305 1820 433 1862 viginti
452 1819 529 1848 tria.

380 1871 528 1917 Digitus
545 1875 680 1918 primus
703 1882 767 1904 seu
787 1875 939 1904 interior
952 1879 1121 1917 squamas
1141 1866 1253 1902 habet
1268 1873 1451 1915 quinque3
1473 1867 1652 1902 secundus
1672 1878 1915 1916 septem3ter-

309 1935 377 1965 tius
392 1939 544 1971 novem3
571 1937 717 1975 quartus
738 1926 970 1973 longissimus
992 1924 1190 1967 tredecim3
1209 1930 1408 1960 successive
1427 1937 1553 1959 omnes
1569 1924 1802 1973 longitudine
1821 1939 1916 1963 cres·

308 1994 416 2028 cunt;
442 1989 588 2031 quintus
608 1990 680 2019 sive
704 1993 929 2032 postremus,
953 1981 1109 2025 solutus,
1133 1991 1230 2015 octo.

379 2042 482 2076 Anus
502 2041 547 2075 de
566 2053 667 2075 more
686 2051 904 2076 transversus
918 2039 1077 2073 ambitur
1097 2036 1257 2084 granulis
1272 2043 1420 2085 exiguis.
1446 2039 1562 2086 Regio
1579 2040 1670 2085 ejuS‚
1687 2038 1914 2087 diductione,

308 2109 344 2134 et
364 2111 485 2135 versus
499 2103 681 2146 superiora
701 2097 856 2132 caudam
878 2095 1087 2140 curvando,
1111 2093 1270 2128 multum
1285 2095 1490 2142 ampliatur.
1518 2096 1617 2129 Ante
1638 2094 1743 2129 illum
1763 2108 1912 2144 squama

307 2168 439 2203 magna
460 2160 599 2203 postice
620 2154 852 2190 dimidiatum
876 2153 1115 2201 hexagonum
1140 2151 1318 2196 referens,
1340 2157 1462 2187 anticc
1486 2157 1576 2186 serie
1594 2157 1781 2187 minorum
1805 2166 1911 2202 squa-

307 2225 451 2248 marum
471 2211 630 2248 obtecta.
