<?xml version="1.0" encoding="UTF-8"?>
<!DOCTYPE html PUBLIC "-//W3C//DTD XHTML 1.0 Transitional//EN"
    "http://www.w3.org/TR/xhtml1/DTD/xhtml1-transitional.dtd">
<html xmlns="http://www.w3.org/1999/xhtml" xml:lang="en" lang="en">
 <head>
  <title>
</title>
<meta http-equiv="Content-Type" content="text/html;charset=utf-8" />
  <meta name='ocr-system' content='tesseract 3.04.00' />
  <meta name='ocr-capabilities' content='ocr_page ocr_carea ocr_par ocr_line ocrx_word'/>
</head>
<body>
  <div class='ocr_page' id='page_1' title='image "./observationeszoo00herm_0111.png"; bbox 0 0 2054 2748; ppageno 0'>
   <div class='ocr_carea' id='block_1_1' title="bbox 847 149 1755 204">
    <p class='ocr_par' dir='ltr' id='par_1_1' title="bbox 847 149 1755 204">
     <span class='ocr_line' id='line_1_1' title="bbox 847 149 1755 204; baseline 0.008 -21"><span class='ocrx_word' id='word_1_1' title='bbox 847 154 1058 184; x_wconf 68' lang='lat' dir='ltr'>Aves</span> <span class='ocrx_word' id='word_1_2' title='bbox 1700 149 1755 204; x_wconf 52' lang='grc' dir='ltr'>ᾧ</span> 
     </span>
    </p>
   </div>
   <div class='ocr_carea' id='block_1_2' title="bbox 151 237 1755 738">
    <p class='ocr_par' dir='ltr' id='par_1_2' title="bbox 155 237 1753 344">
     <span class='ocr_line' id='line_1_2' title="bbox 227 237 1753 291; baseline 0.003 -17"><span class='ocrx_word' id='word_1_3' title='bbox 227 239 353 275; x_wconf 82' lang='lat' dir='ltr'><em>Pedes</em></span> <span class='ocrx_word' id='word_1_4' title='bbox 367 238 468 285; x_wconf 85' lang='lat' dir='ltr'>ssavi,</span> <span class='ocrx_word' id='word_1_5' title='bbox 482 237 583 274; x_wconf 87' lang='lat' dir='ltr'>nudi.</span> <span class='ocrx_word' id='word_1_6' title='bbox 602 239 752 287; x_wconf 84' lang='lat' dir='ltr'><strong>Ungues</strong></span> <span class='ocrx_word' id='word_1_7' title='bbox 770 241 860 286; x_wconf 80' lang='lat' dir='ltr'><strong>nigri</strong></span> <span class='ocrx_word' id='word_1_8' title='bbox 872 265 880 284; x_wconf 85' lang='lat'>‚</span> <span class='ocrx_word' id='word_1_9' title='bbox 892 237 1085 286; x_wconf 86' lang='lat' dir='ltr'>pollicares</span> <span class='ocrx_word' id='word_1_10' title='bbox 1097 266 1106 284; x_wconf 88' lang='lat'>,</span> <span class='ocrx_word' id='word_1_11' title='bbox 1125 243 1276 274; x_wconf 78' lang='lat' dir='ltr'>interior</span> <span class='ocrx_word' id='word_1_12' title='bbox 1294 247 1330 275; x_wconf 85' lang='lat' dir='ltr'>et</span> <span class='ocrx_word' id='word_1_13' title='bbox 1349 248 1553 288; x_wconf 79' lang='lat' dir='ltr'>postremus</span> <span class='ocrx_word' id='word_1_14' title='bbox 1568 243 1753 291; x_wconf 78' lang='lat' dir='ltr'>longiores</span> 
     </span>
     <span class='ocr_line' id='line_1_3' title="bbox 155 295 438 344; baseline 0 -14"><span class='ocrx_word' id='word_1_15' title='bbox 155 307 267 344; x_wconf 90' lang='lat' dir='ltr'>quam</span> <span class='ocrx_word' id='word_1_16' title='bbox 287 295 438 330; x_wconf 88' lang='lat' dir='ltr'>medius.</span> 
     </span>
    </p>

    <p class='ocr_par' dir='ltr' id='par_1_3' title="bbox 154 350 1753 458">
     <span class='ocr_line' id='line_1_4' title="bbox 227 350 1753 401; baseline 0.003 -14"><span class='ocrx_word' id='word_1_17' title='bbox 227 353 423 388; x_wconf 72' lang='lat' dir='ltr'>Reccrices</span> <span class='ocrx_word' id='word_1_18' title='bbox 443 352 567 388; x_wconf 88' lang='lat' dir='ltr'>medio</span> <span class='ocrx_word' id='word_1_19' title='bbox 591 351 757 396; x_wconf 86' lang='lat' dir='ltr'>albidae,</span> <span class='ocrx_word' id='word_1_20' title='bbox 777 350 916 386; x_wconf 87' lang='lat' dir='ltr'>ambitu</span> <span class='ocrx_word' id='word_1_21' title='bbox 940 357 1064 399; x_wconf 59' lang='lat' dir='ltr'>nigre,</span> <span class='ocrx_word' id='word_1_22' title='bbox 1094 358 1144 388; x_wconf 85' lang='lat' dir='ltr'>ita</span> <span class='ocrx_word' id='word_1_23' title='bbox 1169 363 1210 389; x_wconf 85' lang='lat' dir='ltr'>ut</span> <span class='ocrx_word' id='word_1_24' title='bbox 1236 353 1389 401; x_wconf 80' lang='lat' dir='ltr'><strong>nigredo</strong></span> <span class='ocrx_word' id='word_1_25' title='bbox 1412 353 1458 389; x_wconf 87' lang='lat' dir='ltr'>ab</span> <span class='ocrx_word' id='word_1_26' title='bbox 1479 353 1650 390; x_wconf 79' lang='lat' dir='ltr'>albedine</span> <span class='ocrx_word' id='word_1_27' title='bbox 1677 371 1753 393; x_wconf 85' lang='lat' dir='ltr'>non</span> 
     </span>
     <span class='ocr_line' id='line_1_5' title="bbox 154 407 1341 458; baseline 0.002 -15"><span class='ocrx_word' id='word_1_28' title='bbox 154 418 253 444; x_wconf 85' lang='lat' dir='ltr'>recta</span> <span class='ocrx_word' id='word_1_29' title='bbox 273 407 369 444; x_wconf 88' lang='lat' dir='ltr'>linea</span> <span class='ocrx_word' id='word_1_30' title='bbox 388 409 451 444; x_wconf 85' lang='lat' dir='ltr'>sed</span> <span class='ocrx_word' id='word_1_31' title='bbox 472 422 536 458; x_wconf 85' lang='lat' dir='ltr'>per</span> <span class='ocrx_word' id='word_1_32' title='bbox 557 415 788 456; x_wconf 83' lang='lat' dir='ltr'>interspersas</span> <span class='ocrx_word' id='word_1_33' title='bbox 815 407 1014 442; x_wconf 79' lang='lat' dir='ltr'>nonnullas</span> <span class='ocrx_word' id='word_1_34' title='bbox 1037 410 1197 444; x_wconf 76' lang='lat' dir='ltr'>maculas</span> <span class='ocrx_word' id='word_1_35' title='bbox 1224 410 1341 446; x_wconf 83' lang='lat' dir='ltr'>distet.</span> 
     </span>
    </p>

    <p class='ocr_par' dir='ltr' id='par_1_4' title="bbox 227 465 1530 513">
     <span class='ocr_line' id='line_1_6' title="bbox 227 465 1530 513; baseline 0.002 -14"><span class='ocrx_word' id='word_1_36' title='bbox 227 465 339 513; x_wconf 88' lang='lat' dir='ltr'><strong>Apud</strong></span> <span class='ocrx_word' id='word_1_37' title='bbox 363 468 567 501; x_wconf 73' lang='lat' dir='ltr'>Limnaeum</span> <span class='ocrx_word' id='word_1_38' title='bbox 586 474 622 499; x_wconf 83' lang='lat' dir='ltr'>et</span> <span class='ocrx_word' id='word_1_39' title='bbox 645 467 867 499; x_wconf 83' lang='lat' dir='ltr'>Brissonium</span> <span class='ocrx_word' id='word_1_40' title='bbox 887 476 966 499; x_wconf 86' lang='lat' dir='ltr'>non</span> <span class='ocrx_word' id='word_1_41' title='bbox 981 471 1122 513; x_wconf 80' lang='lat' dir='ltr'>reperio</span> <span class='ocrx_word' id='word_1_42' title='bbox 1135 494 1143 510; x_wconf 90' lang='lat'>‚</span> <span class='ocrx_word' id='word_1_43' title='bbox 1162 472 1229 501; x_wconf 87' lang='lat' dir='ltr'>nisi</span> <span class='ocrx_word' id='word_1_44' title='bbox 1243 473 1287 502; x_wconf 83' lang='lat' dir='ltr'>sit</span> <span class='ocrx_word' id='word_1_45' title='bbox 1308 467 1530 512; x_wconf 84' lang='lat' dir='ltr'>Chrysaetos.</span> 
     </span>
    </p>

    <p class='ocr_par' dir='ltr' id='par_1_5' title="bbox 151 520 1755 738">
     <span class='ocr_line' id='line_1_7' title="bbox 226 520 1752 571; baseline 0.004 -16"><span class='ocrx_word' id='word_1_46' title='bbox 226 522 296 557; x_wconf 87' lang='lat' dir='ltr'>Ao.</span> <span class='ocrx_word' id='word_1_47' title='bbox 322 523 419 570; x_wconf 67' lang='lat'><strong>1776.</strong></span> <span class='ocrx_word' id='word_1_48' title='bbox 448 522 520 557; x_wconf 84' lang='lat' dir='ltr'>fine</span> <span class='ocrx_word' id='word_1_49' title='bbox 546 524 709 556; x_wconf 77' lang='lat' dir='ltr'>Januarn</span> <span class='ocrx_word' id='word_1_50' title='bbox 737 520 871 557; x_wconf 84' lang='lat' dir='ltr'>farctae</span> <span class='ocrx_word' id='word_1_51' title='bbox 892 521 1114 570; x_wconf 78' lang='lat' dir='ltr'>descriptio,</span> <span class='ocrx_word' id='word_1_52' title='bbox 1140 525 1350 571; x_wconf 76' lang='lat' dir='ltr'>Brotomagi</span> <span class='ocrx_word' id='word_1_53' title='bbox 1375 524 1561 571; x_wconf 64' lang='lat' dir='ltr'>(limmat)</span> <span class='ocrx_word' id='word_1_54' title='bbox 1590 534 1752 561; x_wconf 76' lang='lat' dir='ltr'>necatae.</span> 
     </span>
     <span class='ocr_line' id='line_1_8' title="bbox 152 577 1753 626; baseline 0.003 -14"><span class='ocrx_word' id='word_1_55' title='bbox 152 577 368 626; x_wconf 78' lang='lat' dir='ltr'>principissa</span> <span class='ocrx_word' id='word_1_56' title='bbox 400 577 583 613; x_wconf 87' lang='lat' dir='ltr'>Christina</span> <span class='ocrx_word' id='word_1_57' title='bbox 614 577 796 613; x_wconf 86' lang='lat' dir='ltr'>Saxoniae</span> <span class='ocrx_word' id='word_1_58' title='bbox 826 577 1052 614; x_wconf 76' lang='lat' dir='ltr'>[arciendam</span> <span class='ocrx_word' id='word_1_59' title='bbox 1079 586 1225 616; x_wconf 85' lang='lat' dir='ltr'>curavit.</span> <span class='ocrx_word' id='word_1_60' title='bbox 1256 581 1342 615; x_wconf 83' lang='lat' dir='ltr'>Sine</span> <span class='ocrx_word' id='word_1_61' title='bbox 1368 580 1480 615; x_wconf 92' lang='lat' dir='ltr'>dubio</span> <span class='ocrx_word' id='word_1_62' title='bbox 1511 581 1620 617; x_wconf 87' lang='lat' dir='ltr'>alicui</span> <span class='ocrx_word' id='word_1_63' title='bbox 1652 582 1753 617; x_wconf 91' lang='lat' dir='ltr'>dono</span> 
     </span>
     <span class='ocr_line' id='line_1_9' title="bbox 152 633 1755 688; baseline 0.006 -21"><span class='ocrx_word' id='word_1_64' title='bbox 152 633 273 679; x_wconf 81' lang='lat' dir='ltr'>dedit3</span> <span class='ocrx_word' id='word_1_65' title='bbox 293 646 378 669; x_wconf 90' lang='lat' dir='ltr'>nam</span> <span class='ocrx_word' id='word_1_66' title='bbox 397 644 480 682; x_wconf 85' lang='lat' dir='ltr'>post</span> <span class='ocrx_word' id='word_1_67' title='bbox 499 645 659 671; x_wconf 87' lang='lat' dir='ltr'>mortem</span> <span class='ocrx_word' id='word_1_68' title='bbox 677 636 752 682; x_wconf 83' lang='lat' dir='ltr'>ejus</span> <span class='ocrx_word' id='word_1_69' title='bbox 768 648 846 671; x_wconf 90' lang='lat' dir='ltr'>non</span> <span class='ocrx_word' id='word_1_70' title='bbox 865 635 992 672; x_wconf 88' lang='lat' dir='ltr'>adfuit.</span> <span class='ocrx_word' id='word_1_71' title='bbox 1016 635 1187 672; x_wconf 72' lang='lat' dir='ltr'>Dubium</span> <span class='ocrx_word' id='word_1_72' title='bbox 1208 647 1333 673; x_wconf 87' lang='lat' dir='ltr'>tamen</span> <span class='ocrx_word' id='word_1_73' title='bbox 1357 637 1408 673; x_wconf 88' lang='lat' dir='ltr'>ibi</span> <span class='ocrx_word' id='word_1_74' title='bbox 1430 647 1600 674; x_wconf 87' lang='lat' dir='ltr'>notatum</span> <span class='ocrx_word' id='word_1_75' title='bbox 1622 639 1755 688; x_wconf 83' lang='lat' dir='ltr'>reliqui</span> 
     </span>
     <span class='ocr_line' id='line_1_10' title="bbox 151 690 499 738; baseline 0.006 -13"><span class='ocrx_word' id='word_1_76' title='bbox 151 702 199 725; x_wconf 89' lang='lat' dir='ltr'>an</span> <span class='ocrx_word' id='word_1_77' title='bbox 217 697 262 727; x_wconf 88' lang='lat' dir='ltr'>sit</span> <span class='ocrx_word' id='word_1_78' title='bbox 283 690 499 738; x_wconf 71' lang='lat' dir='ltr'>chrysaetos.</span> 
     </span>
    </p>
   </div>
   <div class='ocr_carea' id='block_1_3' title="bbox 546 773 1359 819">
    <p class='ocr_par' dir='ltr' id='par_1_6' title="bbox 546 773 1359 819">
     <span class='ocr_line' id='line_1_11' title="bbox 546 773 1359 819; baseline 0.002 -2"><span class='ocrx_word' id='word_1_79' title='bbox 546 773 809 818; x_wconf 91' lang='lat' dir='ltr'><strong>FALCO</strong></span> <span class='ocrx_word' id='word_1_80' title='bbox 866 774 1359 819; x_wconf 66' lang='lat' dir='ltr'><strong>HALIAETOS</strong></span> 
     </span>
    </p>
   </div>
   <div class='ocr_carea' id='block_1_4' title="bbox 146 863 1756 1643">
    <p class='ocr_par' dir='ltr' id='par_1_7' title="bbox 222 863 1205 913">
     <span class='ocr_line' id='line_1_12' title="bbox 222 863 1205 913; baseline 0.006 -17"><span class='ocrx_word' id='word_1_81' title='bbox 222 864 257 897; x_wconf 83' lang='lat' dir='ltr'><strong>A</strong></span> <span class='ocrx_word' id='word_1_82' title='bbox 275 863 323 898; x_wconf 92' lang='lat' dir='ltr'>D.</span> <span class='ocrx_word' id='word_1_83' title='bbox 339 864 385 899; x_wconf 90' lang='lat' dir='ltr'>de</span> <span class='ocrx_word' id='word_1_84' title='bbox 400 866 525 900; x_wconf 82' lang='lat' dir='ltr'>Moser</span> <span class='ocrx_word' id='word_1_85' title='bbox 544 865 758 901; x_wconf 84' lang='lat' dir='ltr'>Buxovillae</span> <span class='ocrx_word' id='word_1_86' title='bbox 783 865 882 913; x_wconf 75' lang='lat'>1768.</span> <span class='ocrx_word' id='word_1_87' title='bbox 900 866 934 902; x_wconf 91' lang='lat' dir='ltr'>d.</span> <span class='ocrx_word' id='word_1_88' title='bbox 958 880 1009 902; x_wconf 90' lang='lat'>10.</span> <span class='ocrx_word' id='word_1_89' title='bbox 1025 867 1205 902; x_wconf 84' lang='lat' dir='ltr'>Octobris.</span> 
     </span>
    </p>

    <p class='ocr_par' dir='ltr' id='par_1_8' title="bbox 150 921 1756 1012">
     <span class='ocr_line' id='line_1_13' title="bbox 221 921 1756 971; baseline 0.004 -17"><span class='ocrx_word' id='word_1_90' title='bbox 221 921 385 968; x_wconf 86' lang='lat' dir='ltr'>Expansi</span> <span class='ocrx_word' id='word_1_91' title='bbox 411 923 636 969; x_wconf 68' lang='lat' dir='ltr'>amplitudo</span> <span class='ocrx_word' id='word_1_92' title='bbox 664 928 828 970; x_wconf 87' lang='lat' dir='ltr'>quinque</span> <span class='ocrx_word' id='word_1_93' title='bbox 848 923 988 971; x_wconf 89' lang='lat' dir='ltr'>pedum</span> <span class='ocrx_word' id='word_1_94' title='bbox 1015 933 1052 959; x_wconf 88' lang='lat' dir='ltr'>et</span> <span class='ocrx_word' id='word_1_95' title='bbox 1073 923 1193 968; x_wconf 86' lang='lat' dir='ltr'>ultra;</span> <span class='ocrx_word' id='word_1_96' title='bbox 1220 922 1367 971; x_wconf 85' lang='lat' dir='ltr'>pondus</span> <span class='ocrx_word' id='word_1_97' title='bbox 1399 932 1556 971; x_wconf 88' lang='lat' dir='ltr'>quatuor</span> <span class='ocrx_word' id='word_1_98' title='bbox 1581 921 1756 960; x_wconf 87' lang='lat' dir='ltr'>librarum</span> 
     </span>
     <span class='ocr_line' id='line_1_14' title="bbox 150 976 410 1012; baseline 0.012 -3"><span class='ocrx_word' id='word_1_99' title='bbox 150 987 235 1009; x_wconf 87' lang='lat' dir='ltr'>cum</span> <span class='ocrx_word' id='word_1_100' title='bbox 250 976 410 1012; x_wconf 88' lang='lat' dir='ltr'>dimidia.</span> 
     </span>
    </p>

    <p class='ocr_par' dir='ltr' id='par_1_9' title="bbox 146 1032 1756 1643">
     <span class='ocr_line' id='line_1_15' title="bbox 225 1032 1754 1084; baseline 0.005 -19"><span class='ocrx_word' id='word_1_101' title='bbox 225 1032 320 1067; x_wconf 78' lang='lat' dir='ltr'>Cera</span> <span class='ocrx_word' id='word_1_102' title='bbox 340 1033 503 1069; x_wconf 88' lang='lat' dir='ltr'>obscura.</span> <span class='ocrx_word' id='word_1_103' title='bbox 530 1036 605 1070; x_wconf 75' lang='lat' dir='ltr'>Iris</span> <span class='ocrx_word' id='word_1_104' title='bbox 622 1033 730 1070; x_wconf 86' lang='lat' dir='ltr'>fulva.</span> <span class='ocrx_word' id='word_1_105' title='bbox 757 1035 887 1071; x_wconf 81' lang='lat' dir='ltr'><em>Nares</em></span> <span class='ocrx_word' id='word_1_106' title='bbox 906 1034 1157 1071; x_wconf 85' lang='lat' dir='ltr'>semilunatae.</span> <span class='ocrx_word' id='word_1_107' title='bbox 1183 1034 1391 1070; x_wconf 74' lang='lat' dir='ltr'>Maxillae</span> <span class='ocrx_word' id='word_1_108' title='bbox 1414 1041 1608 1084; x_wconf 84' lang='lat' dir='ltr'>superioris</span> <span class='ocrx_word' id='word_1_109' title='bbox 1633 1036 1754 1073; x_wconf 91' lang='lat' dir='ltr'>denti-</span> 
     </span>
     <span class='ocr_line' id='line_1_16' title="bbox 149 1087 1755 1141; baseline 0.004 -19"><span class='ocrx_word' id='word_1_110' title='bbox 149 1087 223 1122; x_wconf 90' lang='lat' dir='ltr'>culi</span> <span class='ocrx_word' id='word_1_111' title='bbox 241 1089 345 1125; x_wconf 84' lang='lat' dir='ltr'>nulli.</span> <span class='ocrx_word' id='word_1_112' title='bbox 378 1091 505 1126; x_wconf 82' lang='lat' dir='ltr'>Pedes</span> <span class='ocrx_word' id='word_1_113' title='bbox 530 1091 710 1137; x_wconf 87' lang='lat' dir='ltr'>coerulei,</span> <span class='ocrx_word' id='word_1_114' title='bbox 738 1104 876 1139; x_wconf 86' lang='lat' dir='ltr'>ungues</span> <span class='ocrx_word' id='word_1_115' title='bbox 895 1097 1045 1126; x_wconf 81' lang='lat' dir='ltr'>maximi</span> <span class='ocrx_word' id='word_1_116' title='bbox 1066 1098 1166 1140; x_wconf 80' lang='lat' dir='ltr'>nigri.</span> <span class='ocrx_word' id='word_1_117' title='bbox 1194 1092 1399 1140; x_wconf 75' lang='lat' dir='ltr'>Squamae</span> <span class='ocrx_word' id='word_1_118' title='bbox 1420 1093 1557 1141; x_wconf 87' lang='lat' dir='ltr'>pedum</span> <span class='ocrx_word' id='word_1_119' title='bbox 1577 1103 1613 1128; x_wconf 86' lang='lat' dir='ltr'>et</span> <span class='ocrx_word' id='word_1_120' title='bbox 1637 1093 1755 1130; x_wconf 87' lang='lat' dir='ltr'>lobuli</span> 
     </span>
     <span class='ocr_line' id='line_1_17' title="bbox 149 1145 1756 1198; baseline 0.004 -19"><span class='ocrx_word' id='word_1_121' title='bbox 149 1145 347 1192; x_wconf 79' lang='lat' dir='ltr'>digitorum</span> <span class='ocrx_word' id='word_1_122' title='bbox 366 1153 554 1193; x_wconf 68' lang='lat' dir='ltr'>muricati,</span> <span class='ocrx_word' id='word_1_123' title='bbox 577 1153 772 1196; x_wconf 81' lang='lat' dir='ltr'>asperrimi.</span> <span class='ocrx_word' id='word_1_124' title='bbox 799 1149 976 1183; x_wconf 77' lang='lat' dir='ltr'>Braccae</span> <span class='ocrx_word' id='word_1_125' title='bbox 994 1148 1129 1184; x_wconf 88' lang='lat' dir='ltr'>nullae.</span> <span class='ocrx_word' id='word_1_126' title='bbox 1159 1150 1302 1197; x_wconf 73' lang='lat' dir='ltr'>Corpus</span> <span class='ocrx_word' id='word_1_127' title='bbox 1322 1149 1483 1195; x_wconf 74' lang='lat' dir='ltr'>fuscum,</span> <span class='ocrx_word' id='word_1_128' title='bbox 1506 1160 1671 1198; x_wconf 80' lang='lat' dir='ltr'>pectore,</span> <span class='ocrx_word' id='word_1_129' title='bbox 1691 1151 1756 1186; x_wconf 87' lang='lat' dir='ltr'>ab·</span> 
     </span>
     <span class='ocr_line' id='line_1_18' title="bbox 150 1201 1753 1253; baseline 0.004 -18"><span class='ocrx_word' id='word_1_130' title='bbox 150 1201 299 1237; x_wconf 84' lang='lat' dir='ltr'>domine</span> <span class='ocrx_word' id='word_1_131' title='bbox 311 1231 319 1247; x_wconf 74' lang='grc'><em>,</em></span> <span class='ocrx_word' id='word_1_132' title='bbox 340 1217 412 1237; x_wconf 86' lang='lat' dir='ltr'>ano</span> <span class='ocrx_word' id='word_1_133' title='bbox 424 1232 432 1249; x_wconf 77' lang='lat'>,</span> <span class='ocrx_word' id='word_1_134' title='bbox 446 1204 643 1240; x_wconf 84' lang='lat' dir='ltr'>femoribus</span> <span class='ocrx_word' id='word_1_135' title='bbox 657 1233 665 1250; x_wconf 82' lang='lat'>‚</span> <span class='ocrx_word' id='word_1_136' title='bbox 685 1205 877 1252; x_wconf 84' lang='lat' dir='ltr'>axillisque</span> <span class='ocrx_word' id='word_1_137' title='bbox 891 1204 1017 1239; x_wconf 77' lang='lat' dir='ltr'>subtus</span> <span class='ocrx_word' id='word_1_138' title='bbox 1033 1205 1196 1239; x_wconf 84' lang='lat' dir='ltr'>candidis</span> <span class='ocrx_word' id='word_1_139' title='bbox 1211 1233 1219 1249; x_wconf 81' lang='lat'>,</span> <span class='ocrx_word' id='word_1_140' title='bbox 1235 1219 1351 1252; x_wconf 84' lang='lat' dir='ltr'>pauca</span> <span class='ocrx_word' id='word_1_141' title='bbox 1369 1206 1548 1240; x_wconf 84' lang='lat' dir='ltr'>Havedine</span> <span class='ocrx_word' id='word_1_142' title='bbox 1566 1207 1753 1253; x_wconf 76' lang='lat' dir='ltr'>adspersis,</span> 
     </span>
     <span class='ocr_line' id='line_1_19' title="bbox 148 1256 1753 1308; baseline 0.005 -18"><span class='ocrx_word' id='word_1_143' title='bbox 148 1256 315 1292; x_wconf 66' lang='lat' dir='ltr'>Petinae</span> <span class='ocrx_word' id='word_1_144' title='bbox 332 1258 474 1305; x_wconf 79' lang='lat' dir='ltr'>fnscae,</span> <span class='ocrx_word' id='word_1_145' title='bbox 506 1260 623 1294; x_wconf 88' lang='lat' dir='ltr'>limbo</span> <span class='ocrx_word' id='word_1_146' title='bbox 647 1260 841 1308; x_wconf 81' lang='lat' dir='ltr'>pallidiore</span> <span class='ocrx_word' id='word_1_147' title='bbox 856 1259 903 1293; x_wconf 89' lang='lat' dir='ltr'>ad</span> <span class='ocrx_word' id='word_1_148' title='bbox 926 1259 1029 1294; x_wconf 86' lang='lat' dir='ltr'>basin</span> <span class='ocrx_word' id='word_1_149' title='bbox 1052 1269 1088 1294; x_wconf 88' lang='lat' dir='ltr'>et</span> <span class='ocrx_word' id='word_1_150' title='bbox 1110 1265 1252 1308; x_wconf 78' lang='lat' dir='ltr'>apicem</span> <span class='ocrx_word' id='word_1_151' title='bbox 1272 1260 1388 1295; x_wconf 84' lang='lat' dir='ltr'>albae.</span> <span class='ocrx_word' id='word_1_152' title='bbox 1415 1261 1600 1307; x_wconf 72' lang='lat' dir='ltr'>Remiges</span> <span class='ocrx_word' id='word_1_153' title='bbox 1618 1268 1753 1308; x_wconf 82' lang='lat' dir='ltr'>prima·</span> 
     </span>
     <span class='ocr_line' id='line_1_20' title="bbox 148 1315 1753 1364; baseline 0.004 -17"><span class='ocrx_word' id='word_1_154' title='bbox 148 1319 221 1347; x_wconf 88' lang='lat' dir='ltr'>riae</span> <span class='ocrx_word' id='word_1_155' title='bbox 236 1327 369 1349; x_wconf 70' lang='lat' dir='ltr'>novem</span> <span class='ocrx_word' id='word_1_156' title='bbox 385 1344 393 1359; x_wconf 75' lang='lat'>,</span> <span class='ocrx_word' id='word_1_157' title='bbox 423 1317 658 1351; x_wconf 79' lang='lat' dir='ltr'>secundariae</span> <span class='ocrx_word' id='word_1_158' title='bbox 687 1316 971 1364; x_wconf 76' lang='lat' dir='ltr'>septemdecim,</span> <span class='ocrx_word' id='word_1_159' title='bbox 998 1315 1166 1350; x_wconf 81' lang='lat' dir='ltr'>axillares</span> <span class='ocrx_word' id='word_1_160' title='bbox 1192 1326 1288 1350; x_wconf 89' lang='lat' dir='ltr'>octo.</span> <span class='ocrx_word' id='word_1_161' title='bbox 1314 1317 1453 1350; x_wconf 81' lang='lat' dir='ltr'>Remex</span> <span class='ocrx_word' id='word_1_162' title='bbox 1472 1322 1590 1362; x_wconf 89' lang='lat' dir='ltr'>prima</span> <span class='ocrx_word' id='word_1_163' title='bbox 1610 1317 1753 1354; x_wconf 87' lang='lat' dir='ltr'>duobus</span> 
     </span>
     <span class='ocr_line' id='line_1_21' title="bbox 148 1369 1752 1417; baseline 0.004 -15"><span class='ocrx_word' id='word_1_164' title='bbox 148 1369 345 1416; x_wconf 83' lang='lat' dir='ltr'>pollicibus</span> <span class='ocrx_word' id='word_1_165' title='bbox 367 1380 543 1417; x_wconf 89' lang='lat' dir='ltr'>sequente</span> <span class='ocrx_word' id='word_1_166' title='bbox 564 1371 715 1404; x_wconf 85' lang='lat' dir='ltr'>brevior.</span> <span class='ocrx_word' id='word_1_167' title='bbox 750 1371 839 1402; x_wconf 84' lang='lat' dir='ltr'>Tres</span> <span class='ocrx_word' id='word_1_168' title='bbox 864 1375 1000 1415; x_wconf 83' lang='lat' dir='ltr'>priores</span> <span class='ocrx_word' id='word_1_169' title='bbox 1020 1375 1184 1415; x_wconf 78' lang='lat' dir='ltr'>margine</span> <span class='ocrx_word' id='word_1_170' title='bbox 1204 1375 1375 1403; x_wconf 84' lang='lat' dir='ltr'>interiore</span> <span class='ocrx_word' id='word_1_171' title='bbox 1402 1370 1584 1416; x_wconf 81' lang='lat' dir='ltr'>profunde</span> <span class='ocrx_word' id='word_1_172' title='bbox 1608 1377 1752 1410; x_wconf 86' lang='lat' dir='ltr'>incisae.</span> 
     </span>
     <span class='ocr_line' id='line_1_22' title="bbox 148 1423 1752 1473; baseline 0.004 -15"><span class='ocrx_word' id='word_1_173' title='bbox 148 1424 221 1458; x_wconf 77' lang='lat' dir='ltr'>Sex</span> <span class='ocrx_word' id='word_1_174' title='bbox 242 1430 280 1459; x_wconf 90' lang='lat' dir='ltr'>in</span> <span class='ocrx_word' id='word_1_175' title='bbox 300 1431 392 1459; x_wconf 84' lang='lat' dir='ltr'>circa</span> <span class='ocrx_word' id='word_1_176' title='bbox 409 1431 546 1473; x_wconf 83' lang='lat' dir='ltr'>priores</span> <span class='ocrx_word' id='word_1_177' title='bbox 571 1424 696 1460; x_wconf 85' lang='lat' dir='ltr'>subtus</span> <span class='ocrx_word' id='word_1_178' title='bbox 718 1437 739 1459; x_wconf 89' lang='lat' dir='ltr'>a</span> <span class='ocrx_word' id='word_1_179' title='bbox 760 1423 884 1458; x_wconf 86' lang='lat' dir='ltr'>medio</span> <span class='ocrx_word' id='word_1_180' title='bbox 911 1423 958 1457; x_wconf 86' lang='lat' dir='ltr'>ad</span> <span class='ocrx_word' id='word_1_181' title='bbox 978 1429 1121 1471; x_wconf 80' lang='lat' dir='ltr'>apicem</span> <span class='ocrx_word' id='word_1_182' title='bbox 1139 1429 1282 1470; x_wconf 78' lang='lat' dir='ltr'>nigrae3</span> <span class='ocrx_word' id='word_1_183' title='bbox 1307 1423 1469 1472; x_wconf 81' lang='lat' dir='ltr'>reliquae</span> <span class='ocrx_word' id='word_1_184' title='bbox 1491 1438 1576 1459; x_wconf 88' lang='lat' dir='ltr'>cum</span> <span class='ocrx_word' id='word_1_185' title='bbox 1596 1435 1752 1465; x_wconf 74' lang='lat' dir='ltr'>rectrici-</span> 
     </span>
     <span class='ocr_line' id='line_1_23' title="bbox 146 1478 1753 1522; baseline 0.004 -7"><span class='ocrx_word' id='word_1_186' title='bbox 146 1480 214 1516; x_wconf 86' lang='lat' dir='ltr'>bus</span> <span class='ocrx_word' id='word_1_187' title='bbox 238 1481 466 1516; x_wconf 83' lang='lat' dir='ltr'>inferioribus</span> <span class='ocrx_word' id='word_1_188' title='bbox 495 1480 648 1516; x_wconf 83' lang='lat' dir='ltr'>maculis</span> <span class='ocrx_word' id='word_1_189' title='bbox 677 1480 769 1516; x_wconf 88' lang='lat' dir='ltr'>albis</span> <span class='ocrx_word' id='word_1_190' title='bbox 798 1478 1013 1515; x_wconf 83' lang='lat' dir='ltr'>tessellatae.</span> <span class='ocrx_word' id='word_1_191' title='bbox 1053 1479 1235 1514; x_wconf 77' lang='lat' dir='ltr'>Axillares</span> <span class='ocrx_word' id='word_1_192' title='bbox 1261 1479 1449 1516; x_wconf 88' lang='lat' dir='ltr'>inferiores</span> <span class='ocrx_word' id='word_1_193' title='bbox 1473 1481 1579 1517; x_wconf 86' lang='lat' dir='ltr'>albae</span> <span class='ocrx_word' id='word_1_194' title='bbox 1601 1486 1753 1522; x_wconf 82' lang='lat' dir='ltr'>maculis</span> 
     </span>
     <span class='ocr_line' id='line_1_24' title="bbox 147 1535 1753 1586; baseline 0.004 -15"><span class='ocrx_word' id='word_1_195' title='bbox 147 1537 366 1585; x_wconf 84' lang='lat' dir='ltr'>quibusdam</span> <span class='ocrx_word' id='word_1_196' title='bbox 385 1537 500 1572; x_wconf 85' lang='lat' dir='ltr'>luteis.</span> <span class='ocrx_word' id='word_1_197' title='bbox 520 1537 678 1572; x_wconf 83' lang='lat' dir='ltr'>Rhachis</span> <span class='ocrx_word' id='word_1_198' title='bbox 698 1543 877 1584; x_wconf 76' lang='lat' dir='ltr'>remigum</span> <span class='ocrx_word' id='word_1_199' title='bbox 897 1548 1003 1584; x_wconf 85' lang='lat' dir='ltr'>supra</span> <span class='ocrx_word' id='word_1_200' title='bbox 1018 1545 1054 1570; x_wconf 88' lang='lat' dir='ltr'>et</span> <span class='ocrx_word' id='word_1_201' title='bbox 1067 1535 1208 1571; x_wconf 86' lang='lat' dir='ltr'>inferne</span> <span class='ocrx_word' id='word_1_202' title='bbox 1227 1536 1274 1571; x_wconf 86' lang='lat' dir='ltr'>ad</span> <span class='ocrx_word' id='word_1_203' title='bbox 1294 1543 1437 1586; x_wconf 87' lang='lat' dir='ltr'>apicem</span> <span class='ocrx_word' id='word_1_204' title='bbox 1452 1538 1569 1584; x_wconf 80' lang='lat' dir='ltr'>fusca,</span> <span class='ocrx_word' id='word_1_205' title='bbox 1589 1540 1636 1575; x_wconf 85' lang='lat' dir='ltr'>ad</span> <span class='ocrx_word' id='word_1_206' title='bbox 1651 1541 1753 1578; x_wconf 83' lang='lat' dir='ltr'>basin</span> 
     </span>
     <span class='ocr_line' id='line_1_25' title="bbox 148 1592 1752 1643; baseline 0.004 -15"><span class='ocrx_word' id='word_1_207' title='bbox 148 1593 240 1628; x_wconf 88' lang='lat' dir='ltr'>alba.</span> <span class='ocrx_word' id='word_1_208' title='bbox 266 1595 460 1630; x_wconf 75' lang='lat' dir='ltr'>Reccrices</span> <span class='ocrx_word' id='word_1_209' title='bbox 481 1594 759 1643; x_wconf 82' lang='lat' dir='ltr'>quatuordecim</span> <span class='ocrx_word' id='word_1_210' title='bbox 774 1603 929 1641; x_wconf 82' lang='lat' dir='ltr'>utroque</span> <span class='ocrx_word' id='word_1_211' title='bbox 944 1593 1055 1628; x_wconf 84' lang='lat' dir='ltr'>latere</span> <span class='ocrx_word' id='word_1_212' title='bbox 1070 1592 1257 1639; x_wconf 72' lang='lat' dir='ltr'>fasciame,</span> <span class='ocrx_word' id='word_1_213' title='bbox 1280 1593 1396 1629; x_wconf 80' lang='lat' dir='ltr'>fasciis</span> <span class='ocrx_word' id='word_1_214' title='bbox 1416 1593 1490 1630; x_wconf 89' lang='lat' dir='ltr'>fere</span> <span class='ocrx_word' id='word_1_215' title='bbox 1504 1608 1577 1632; x_wconf 86' lang='lat' dir='ltr'>sex.</span> <span class='ocrx_word' id='word_1_216' title='bbox 1592 1597 1752 1636; x_wconf 82' lang='lat' dir='ltr'>Rhachis</span> 
     </span>
    </p>
   </div>
   <div class='ocr_carea' id='block_1_5' title="bbox 146 1656 1306 1774">
    <p class='ocr_par' dir='ltr' id='par_1_10' title="bbox 146 1656 1306 1774">
     <span class='ocr_line' id='line_1_26' title="bbox 146 1656 304 1687; baseline 0 -2"><span class='ocrx_word' id='word_1_217' title='bbox 146 1656 304 1687; x_wconf 76' lang='lat' dir='ltr'>incurva.</span> 
     </span>
     <span class='ocr_line' id='line_1_27' title="bbox 592 1729 1306 1774; baseline 0.003 -2"><span class='ocrx_word' id='word_1_218' title='bbox 592 1731 855 1774; x_wconf 88' lang='lat' dir='ltr'><strong>FALCO</strong></span> <span class='ocrx_word' id='word_1_219' title='bbox 916 1729 1306 1774; x_wconf 78' lang='lat' dir='ltr'><strong>AESALON</strong></span> 
     </span>
    </p>
   </div>
   <div class='ocr_carea' id='block_1_6' title="bbox 138 1821 1752 2269">
    <p class='ocr_par' dir='ltr' id='par_1_11' title="bbox 138 1821 1752 1983">
     <span class='ocr_line' id='line_1_28' title="bbox 223 1821 1750 1875; baseline 0.005 -17"><span class='ocrx_word' id='word_1_220' title='bbox 223 1823 318 1858; x_wconf 75' lang='lat' dir='ltr'>Cera</span> <span class='ocrx_word' id='word_1_221' title='bbox 353 1830 552 1870; x_wconf 75' lang='lat' dir='ltr'>rostroque</span> <span class='ocrx_word' id='word_1_222' title='bbox 578 1822 960 1865; x_wconf 59' lang='lat' dir='ltr'>coerulei-centibus,</span> <span class='ocrx_word' id='word_1_223' title='bbox 986 1821 1151 1869; x_wconf 74' lang='lat' dir='ltr'>pedibus</span> <span class='ocrx_word' id='word_1_224' title='bbox 1172 1823 1328 1868; x_wconf 78' lang='lat' dir='ltr'>slavis,</span> <span class='ocrx_word' id='word_1_225' title='bbox 1357 1824 1570 1871; x_wconf 75' lang='lat' dir='ltr'>remigibus</span> <span class='ocrx_word' id='word_1_226' title='bbox 1589 1828 1750 1875; x_wconf 70' lang='lat' dir='ltr'>fuscis,</span> 
     </span>
     <span class='ocr_line' id='line_1_29' title="bbox 149 1878 1752 1930; baseline 0.004 -16"><span class='ocrx_word' id='word_1_227' title='bbox 149 1879 332 1914; x_wconf 76' lang='lat' dir='ltr'>omnibus</span> <span class='ocrx_word' id='word_1_228' title='bbox 352 1892 470 1926; x_wconf 74' lang='lat' dir='ltr'>supra</span> <span class='ocrx_word' id='word_1_229' title='bbox 495 1879 682 1927; x_wconf 76' lang='lat' dir='ltr'>infraque</span> <span class='ocrx_word' id='word_1_230' title='bbox 702 1880 796 1927; x_wconf 75' lang='lat' dir='ltr'>rufis</span> <span class='ocrx_word' id='word_1_231' title='bbox 818 1878 989 1914; x_wconf 73' lang='lat' dir='ltr'>maculis</span> <span class='ocrx_word' id='word_1_232' title='bbox 1013 1878 1237 1914; x_wconf 68' lang='lat' dir='ltr'>rotundatis</span> <span class='ocrx_word' id='word_1_233' title='bbox 1251 1907 1264 1923; x_wconf 78' lang='lat'><em>,</em></span> <span class='ocrx_word' id='word_1_234' title='bbox 1286 1881 1508 1917; x_wconf 72' lang='lat' dir='ltr'>rectricibus</span> <span class='ocrx_word' id='word_1_235' title='bbox 1514 1883 1664 1930; x_wconf 78' lang='lat' dir='ltr'>fasciis</span> <span class='ocrx_word' id='word_1_236' title='bbox 1683 1899 1752 1921; x_wconf 66' lang='lat' dir='ltr'>sese</span> 
     </span>
     <span class='ocr_line' id='line_1_30' title="bbox 138 1937 280 1983; baseline 0.007 -13"><span class='ocrx_word' id='word_1_237' title='bbox 138 1937 280 1983; x_wconf 79' lang='lat' dir='ltr'>fuscis.</span> 
     </span>
    </p>

    <p class='ocr_par' dir='ltr' id='par_1_12' title="bbox 220 1991 971 2039">
     <span class='ocr_line' id='line_1_31' title="bbox 220 1991 971 2039; baseline -0.001 -12"><span class='ocrx_word' id='word_1_238' title='bbox 220 1992 288 2039; x_wconf 82' lang='lat' dir='ltr'>A.)</span> <span class='ocrx_word' id='word_1_239' title='bbox 311 1991 531 2027; x_wconf 80' lang='lat' dir='ltr'>observatus</span> <span class='ocrx_word' id='word_1_240' title='bbox 555 2005 654 2039; x_wconf 87' lang='lat'><strong>1777.</strong></span> <span class='ocrx_word' id='word_1_241' title='bbox 671 1991 705 2027; x_wconf 92' lang='lat' dir='ltr'>d.</span> <span class='ocrx_word' id='word_1_242' title='bbox 727 2006 776 2027; x_wconf 87' lang='lat'>11.</span> <span class='ocrx_word' id='word_1_243' title='bbox 798 1993 971 2027; x_wconf 86' lang='lat' dir='ltr'>Januarii.</span> 
     </span>
    </p>

    <p class='ocr_par' dir='ltr' id='par_1_13' title="bbox 149 2047 1748 2154">
     <span class='ocr_line' id='line_1_32' title="bbox 221 2047 1748 2100; baseline 0.003 -17"><span class='ocrx_word' id='word_1_244' title='bbox 221 2049 405 2083; x_wconf 87' lang='lat' dir='ltr'>Distantia</span> <span class='ocrx_word' id='word_1_245' title='bbox 427 2054 573 2096; x_wconf 88' lang='lat' dir='ltr'>apicum</span> <span class='ocrx_word' id='word_1_246' title='bbox 592 2048 732 2087; x_wconf 85' lang='lat' dir='ltr'>alarum</span> <span class='ocrx_word' id='word_1_247' title='bbox 757 2054 863 2084; x_wconf 87' lang='lat' dir='ltr'>unius</span> <span class='ocrx_word' id='word_1_248' title='bbox 889 2049 992 2098; x_wconf 86' lang='lat' dir='ltr'>pedis</span> <span class='ocrx_word' id='word_1_249' title='bbox 1017 2058 1053 2083; x_wconf 87' lang='lat' dir='ltr'>et</span> <span class='ocrx_word' id='word_1_250' title='bbox 1073 2048 1202 2083; x_wconf 85' lang='lat' dir='ltr'>decem</span> <span class='ocrx_word' id='word_1_251' title='bbox 1223 2047 1414 2097; x_wconf 88' lang='lat' dir='ltr'>pollicum.</span> <span class='ocrx_word' id='word_1_252' title='bbox 1441 2051 1669 2100; x_wconf 71' lang='lat' dir='ltr'>Longitudo</span> <span class='ocrx_word' id='word_1_253' title='bbox 1690 2065 1748 2088; x_wconf 87' lang='lat' dir='ltr'>su-</span> 
     </span>
     <span class='ocr_line' id='line_1_33' title="bbox 149 2105 1470 2154; baseline 0.003 -17"><span class='ocrx_word' id='word_1_254' title='bbox 149 2115 297 2150; x_wconf 81' lang='lat' dir='ltr'>spensae</span> <span class='ocrx_word' id='word_1_255' title='bbox 316 2105 362 2139; x_wconf 84' lang='lat' dir='ltr'>ab</span> <span class='ocrx_word' id='word_1_256' title='bbox 376 2110 479 2152; x_wconf 88' lang='lat' dir='ltr'>apice</span> <span class='ocrx_word' id='word_1_257' title='bbox 497 2111 603 2140; x_wconf 75' lang='lat' dir='ltr'>rostri</span> <span class='ocrx_word' id='word_1_258' title='bbox 625 2105 672 2140; x_wconf 87' lang='lat' dir='ltr'>ad</span> <span class='ocrx_word' id='word_1_259' title='bbox 689 2111 958 2140; x_wconf 84' lang='lat' dir='ltr'>extremitatem</span> <span class='ocrx_word' id='word_1_260' title='bbox 973 2105 1110 2140; x_wconf 84' lang='lat' dir='ltr'>caudae</span> <span class='ocrx_word' id='word_1_261' title='bbox 1134 2106 1262 2141; x_wconf 89' lang='lat' dir='ltr'>decem</span> <span class='ocrx_word' id='word_1_262' title='bbox 1282 2106 1470 2154; x_wconf 87' lang='lat' dir='ltr'>pollicum.</span> 
     </span>
    </p>

    <p class='ocr_par' dir='ltr' id='par_1_14' title="bbox 150 2159 1749 2269">
     <span class='ocr_line' id='line_1_34' title="bbox 224 2159 1748 2212; baseline 0.005 -19"><span class='ocrx_word' id='word_1_263' title='bbox 224 2159 387 2208; x_wconf 83' lang='lat' dir='ltr'>Superne</span> <span class='ocrx_word' id='word_1_264' title='bbox 416 2167 571 2208; x_wconf 82' lang='lat' dir='ltr'>griseus,</span> <span class='ocrx_word' id='word_1_265' title='bbox 602 2161 707 2196; x_wconf 83' lang='lat' dir='ltr'>lineis</span> <span class='ocrx_word' id='word_1_266' title='bbox 737 2162 1067 2210; x_wconf 79' lang='lat' dir='ltr'>longitudinalibus</span> <span class='ocrx_word' id='word_1_267' title='bbox 1092 2162 1208 2198; x_wconf 80' lang='lat' dir='ltr'>fuscis.</span> <span class='ocrx_word' id='word_1_268' title='bbox 1247 2164 1357 2198; x_wconf 83' lang='lat' dir='ltr'>Linea</span> <span class='ocrx_word' id='word_1_269' title='bbox 1382 2177 1487 2212; x_wconf 87' lang='lat' dir='ltr'>supra</span> <span class='ocrx_word' id='word_1_270' title='bbox 1509 2165 1636 2199; x_wconf 84' lang='lat' dir='ltr'>oculos</span> <span class='ocrx_word' id='word_1_271' title='bbox 1653 2164 1748 2200; x_wconf 84' lang='lat' dir='ltr'>alba.</span> 
     </span>
     <span class='ocr_line' id='line_1_35' title="bbox 150 2215 1749 2269; baseline 0.005 -20"><span class='ocrx_word' id='word_1_272' title='bbox 150 2215 301 2250; x_wconf 89' lang='lat' dir='ltr'>Collum</span> <span class='ocrx_word' id='word_1_273' title='bbox 318 2217 453 2252; x_wconf 87' lang='lat' dir='ltr'>album.</span> <span class='ocrx_word' id='word_1_274' title='bbox 480 2218 651 2254; x_wconf 78' lang='lat' dir='ltr'>Maeuiae</span> <span class='ocrx_word' id='word_1_275' title='bbox 670 2219 794 2255; x_wconf 78' lang='lat' dir='ltr'>subtus</span> <span class='ocrx_word' id='word_1_276' title='bbox 815 2219 1101 2266; x_wconf 79' lang='lat' dir='ltr'>longitudinales</span> <span class='ocrx_word' id='word_1_277' title='bbox 1119 2219 1249 2259; x_wconf 83' lang='lat' dir='ltr'>fuscae.</span> <span class='ocrx_word' id='word_1_278' title='bbox 1278 2225 1431 2258; x_wconf 87' lang='lat' dir='ltr'>Femora</span> <span class='ocrx_word' id='word_1_279' title='bbox 1455 2231 1548 2257; x_wconf 85' lang='lat' dir='ltr'>tarso</span> <span class='ocrx_word' id='word_1_280' title='bbox 1570 2220 1749 2269; x_wconf 76' lang='lat' dir='ltr'>longiora7</span> 
     </span>
    </p>
   </div>
  </div>
 </body>
</html>
