2054 2748
323 143 406 176 Vnt
917 133 1322 167 PRAEFATIO.

324 238 435 269 cum
449 220 767 267 celeberrimis
780 227 939 264 actum
951 220 1082 271 vim,
1100 218 1249 262 multa
1263 218 1391 263 haud
1403 217 1546 265 dubie
1560 221 1771 267 offerunt
1781 225 1926 279 utilia,

323 291 468 347 digna
484 302 603 347 quae
622 301 732 330 cum
748 286 820 329 his
838 286 919 343 qui
939 294 1133 329 naturae
1150 285 1412 343 cognitioni
1430 286 1638 340 student,
1667 292 1930 334 communi-

324 365 500 400 centur.
533 353 938 398 Observationum
958 350 1288 395 botanicarum
1304 365 1360 394 ea
1375 365 1482 409 pars
1500 386 1510 404 ,
1528 366 1647 411 quae
1664 353 1726 398 ad
1744 355 1929 412 plantas

323 421 374 465 in
395 420 576 464 Alsatia
600 428 767 478 sponte
785 425 1032 461 nascentes
1056 427 1257 476 spectat,
1273 416 1444 460 Florae
1459 416 1730 472 Alsacz'cae,
1762 434 1856 478 qua
1879 421 1931 464 in

324 485 564 530 exaranda
580 498 707 528 nunc
730 482 936 526 maxime
954 483 1175 542 occupati
1200 496 1361 526 sumus
1377 516 1387 534 ,
1415 482 1657 526 inseretur.
1684 484 1931 542 Geogoni-

324 565 487 595 carum
504 548 765 594 Hermanni
787 548 936 592 nostri
962 548 1306 606 cogitationum
1329 547 1789 607 meditationumque
1811 550 1931 594 ratio

323 616 545 660 reddetur
575 616 624 660 ,in
650 615 1052 658 commentatione
1080 613 1139 656 de
1162 613 1262 658 vita
1285 622 1332 656 et
1361 613 1547 670 scriptis
1571 613 1661 657 viri
1690 614 1930 658 desidera-

324 681 517 732 tissimi,
539 679 790 737 posteriori
806 679 943 736 hujus
962 679 1117 736 operis
1135 678 1369 722 volumini
1390 678 1748 736 praemittenda.

381 747 519 789 Hane
544 744 735 789 interim
751 744 865 788 Tibi
895 744 1124 788 tradimus
1148 743 1536 788 observationum
1557 753 1764 801 partem,
1791 757 1934 801 quam

325 825 558 857 novorum
593 811 907 869 quorumdam
940 819 986 853 et
1021 809 1238 852 nondum
1273 807 1621 852 delineatorum
1657 807 1936 852 animalium

325 876 542 922 iconibus
561 875 789 920 illustrare
813 875 952 920 nobis
972 875 1022 917 in
1043 874 1205 917 animo
1228 883 1299 917 est
1317 908 1326 926 ‚
1359 874 1398 916 si
1427 872 1619 931 publiea
1638 873 1936 933 responderit

326 941 570 986 sententia.
606 942 804 999 Figurae
832 954 1006 998 magna
1034 954 1093 984 ex
1121 948 1254 998 parte
1281 937 1377 995 jam
1396 948 1587 996 paratae
1614 947 1724 984 sunt
1752 938 1937 997 pictae,

326 1007 627 1072 reliquaeque
649 1016 700 1054 ut
725 1007 1004 1066 pingantur,
1031 1017 1170 1052 curae
1196 1003 1337 1050 nobis
1365 1004 1464 1050 erit,

1636 2256 1939 2288 OBSERVATIONES
