2054 2748
712 190 1159 223 AMPHIBIA.
1655 194 1737 238 257

206 280 314 312 initio
335 279 498 312 Januarii
521 275 619 323 1793.
646 285 861 324 tempestate
883 275 1033 322 frigida,
1063 273 1233 309 omnibus
1260 272 1520 321 conglaciatis,
1541 275 1641 310 adest
1661 286 1736 312 tam

132 334 221 370 bufo
236 347 345 382 quam
363 347 447 368 rana
460 333 611 368 arborea
625 361 633 377 ,
649 333 753 367 nullo
773 332 886 366 modo
903 332 1141 366 absconditae
1153 360 1161 375 ,
1181 337 1234 366 uti
1248 340 1351 366 antea
1369 344 1517 378 quoque
1532 332 1734 370 adsuerunt„

206 392 342 425 Martio
374 397 410 425 in
439 390 668 439 superficiem
697 395 895 424 successive
925 394 1014 422 enisi
1039 399 1123 423 sunt
1144 387 1306 422 bufones.
1335 388 1461 434 Quum
1483 400 1561 422 non
1584 389 1632 425 ad
1652 390 1739 425 illos

133 449 391 490 attendissem,
412 448 506 482 fame
530 453 671 482 enecati
689 457 725 481 et
743 458 884 480 summe
906 451 1071 479 emaciari
1096 450 1289 492 perierunt.

207 506 345 539 Mirum
382 517 468 539 sane
503 503 596 538 illud
632 508 830 537 vivacitatis
862 501 995 536 horum
1029 501 1243 536 animalium
1273 506 1484 549 oppositum
1516 502 1738 550 exemplum.

135 562 206 596 Ao.
234 561 331 608 1793.
353 561 386 595 d.
408 562 460 595 51.
481 561 575 607 Aug.
594 560 773 604 juniorem
790 571 917 593 ranam
937 558 1214 592 scorodosmam
1235 558 1421 605 pollicaris
1444 557 1516 591 sere
1540 558 1740 607 longitudi-

133 625 188 653 nis
208 624 246 652 in
267 628 359 653 terra
386 617 577 651 salientem
602 622 698 664 cepit
724 616 819 650 filius
842 621 1037 664 posuitque
1066 615 1132 650 sub
1157 627 1343 663 campana.
1371 614 1550 649 Postridie
1578 621 1616 649 in
1638 615 1741 652 aliud

134 680 266 710 vitrum
289 678 404 721 posui.
432 674 621 719 Languere
640 672 840 707 videbatur.
869 674 957 707 Post
976 673 1163 707 meridiem
1190 671 1345 720 pedibus
1365 677 1521 706 extensis
1547 677 1741 721 rigensque

133 734 278 765 mortua
299 729 407 763 dorso
428 734 599 776 imposita
618 730 740 775 jacuit.
770 730 895 774 Quum
914 729 1007 764 adeo
1024 729 1123 764 arida
1145 731 1219 775 jam
1240 738 1351 773 esset,
1374 734 1478 776 posui
1498 734 1535 762 in
1555 741 1649 777 aqua
1669 729 1742 765 diei

135 791 275 835 spatio,
297 797 484 832 quumque
508 791 591 820 satis
612 785 778 819 emollita
797 785 980 819 videretur
998 792 1264 834 pristinumque
1286 785 1450 820 colorem
1470 790 1601 820 iterum
1622 795 1741 831 nacta,

134 847 267 879 immisi
287 847 425 889 spiritui
446 846 529 876 vini.
558 842 736 876 Postridie
763 854 847 876 eum
867 842 1110 877 admiratione
1137 843 1229 887 vidi,
1254 854 1368 890 quum
1388 851 1496 876 antea
1524 847 1562 876 in
1584 841 1743 878 fundum

135 905 225 936 vasis
241 898 449 942 cecidisset,
474 899 547 943 jam
566 897 716 932 haerere
731 904 768 932 in
788 899 978 946 superficie
999 898 1361 946 perpendicularem,
1384 910 1473 932 naso
1498 911 1624 946 parum
1651 905 1740 933 emi-

134 966 265 1000 nente,
286 967 356 1003 qua
378 960 520 988 ratione
538 954 674 989 nullius
697 955 864 989 animalis
886 967 1018 1002 corpus
1038 967 1200 1002 unquam
1220 964 1361 988 natasse
1381 954 1464 988 vidi.
1494 953 1646 1001 Spiritus
1667 961 1742 990 vini

133 1019 260 1060 utique
278 1010 443 1044 turbidus
462 1011 535 1054 jam
554 1010 726 1045 animalia
745 1020 950 1058 receperat,
971 1010 1107 1060 diuque
1128 1020 1423 1056 conservaverat,
1443 1020 1574 1045 utnon
1593 1010 1742 1046 credam

132 1068 240 1106 valde
261 1072 495 1115 spirituosum
514 1065 631 1104 fuisse

588 1157 798 1201 BUFO
844 1157 1286 1201 CALAMITA.

206 1238 277 1273 Αο.
303 1248 400 1285 1792.
419 1236 453 1272 d.
474 1251 524 1284 17.
541 1237 640 1286 Sept.
661 1244 697 1272 in
714 1239 821 1273 horto
837 1239 1048 1274 academico
1071 1237 1137 1273 sub
1159 1248 1250 1272 terra
1265 1234 1519 1272 semidefossus
1534 1234 1744 1283 deprehen-

134 1307 203 1330 sus.
232 1293 308 1328 Sub
336 1306 514 1341 campana
537 1307 621 1328 cum
647 1295 885 1330 scorodosma
910 1306 945 1331 et
967 1295 1104 1330 bufone
1127 1294 1200 1329 alio
1222 1300 1359 1341 positus
1388 1299 1509 1328 statim
1529 1306 1566 1327 se
1589 1293 1741 1329 defoclit.

133 1351 313 1388 Defossus
332 1356 486 1394 mansit,
518 1361 554 1385 et
579 1351 792 1385 adhucdum
819 1351 885 1385 fuit
914 1352 948 1386 d.
966 1353 1019 1386 25.
1041 1352 1127 1398 Apr.
1156 1350 1252 1395 ¹793·
1279 1352 1362 1382 Hoc
1387 1350 1446 1382 die
1473 1361 1558 1383 vero
1583 1361 1628 1383 ex
1650 1359 1742 1384 terra

135 1413 299 1450 emersit,
319 1418 365 1441 ex
389 1411 480 1441 vitro
501 1411 607 1451 exiit,
627 1411 663 1439 in
685 1416 816 1440 terram
837 1406 994 1450 decidit,
1017 1415 1053 1440 et
1076 1416 1184 1439 mane
1212 1410 1249 1439 in
1268 1404 1415 1439 vasculo
1443 1417 1536 1452 aqua
1565 1404 1677 1452 pleno
1704 1412 1743 1440 in

134 1476 208 1513 quo
228 1462 400 1498 caniculis
416 1473 524 1510 potus
545 1452 807 1510 praebebatur,
828 1472 956 1496 natans
975 1471 1137 1510 repertus
1161 1470 1223 1495 est.
1252 1461 1362 1496 Posui
1384 1466 1579 1509 separatim
1602 1467 1638 1496 in
1660 1475 1743 1497 vase

133 1526 248 1556 vitreo
269 1528 361 1553 terra
382 1517 530 1552 humida
558 1517 772 1565 semipleno.
814 1518 1015 1566 Postquam
1044 1517 1232 1552 ablueram
1256 1530 1350 1566 aqua
1379 1523 1416 1552 in
1445 1530 1515 1566 qua
1546 1524 1683 1553 natavit
1706 1529 1743 1555 et

134 1587 319 1623 emergere
349 1579 481 1622 cupiit,
503 1574 577 1609 vidi
603 1586 678 1608 esse
701 1579 918 1623 ipsissimum
943 1573 1120 1609 bufonem
1147 1574 1357 1609 calamitam
1380 1574 1565 1619 Roeselii,
1593 1575 1658 1610 sed
1673 1582 1741 1611 mi-

134 1646 202 1669 nus
221 1631 340 1666 vivido
361 1630 505 1675 colore,
535 1630 618 1665 licet
638 1630 784 1665 ablutus
812 1641 914 1666 esset.
941 1632 1072 1678 Neque
1091 1630 1209 1665 ullum
1231 1631 1385 1665 odorem
1401 1637 1438 1666 in
1460 1631 1526 1666 illo
1543 1631 1741 1668 observavi.

132 1692 282 1736 Pinguis
302 1698 423 1722 tamen
439 1693 523 1722 satis
544 1697 579 1722 et
603 1687 746 1722 inflatus
767 1697 842 1723 erat
878 1689 1015 1722 Immisi
1031 1693 1176 1722 oniscos
1200 1697 1236 1722 et
1248 1699 1433 1732 muscam,
1450 1687 1535 1722 decli
1555 1699 1589 1723 et
1608 1689 1742 1724 helices

134 1745 276 1793 aliquot
295 1744 466 1792 parvulos
486 1749 595 1778 vivos.
623 1743 738 1777 Nullo
760 1743 873 1777 modo
902 1757 1028 1778 curare
1058 1745 1148 1778 haec
1171 1750 1310 1778 insecta
1331 1750 1421 1778 visus
1449 1755 1523 1787 est,
1546 1758 1638 1793 quae
1656 1757 1743 1781 ante

135 1801 263 1837 oculos
286 1799 546 1835 discurrebant.
574 1801 697 1834 Noctu
717 1809 879 1834 erectum
899 1800 1052 1847 pedibus
1067 1800 1306 1835 anterioribus
1326 1801 1371 1835 ad
1393 1807 1470 1835 vitri
1487 1807 1640 1849 parietes
1659 1803 1741 1838 vidi.

206 1856 387 1892 Postridie
407 1868 444 1890 se
465 1855 654 1890 defoderat
672 1855 739 1890 sub
760 1866 862 1890 terra.
891 1857 1017 1891 Onisci
1039 1869 1166 1892 omnes
1185 1857 1348 1892 aderant.
1378 1859 1545 1893 Muscam
1564 1872 1640 1893 non
1660 1860 1740 1895 vidi.

133 1914 249 1951 Nulla
276 1911 452 1960 superfuit
476 1911 585 1947 helix.
613 1914 688 1946 Has
716 1912 872 1960 proinde
896 1925 1039 1948 vorasse
1066 1914 1217 1949 videtur.
1248 1913 1457 1962 Aliquoties
1481 1920 1618 1951 interea
1639 1922 1741 1952 visus„

134 1972 278 2007 Oniscis
295 1968 438 2016 aliquot
453 1975 586 2003 voratis
608 1982 726 2003 rursus
748 1981 786 2003 se
806 1968 957 2004 defodit.

208 2027 258 2061 D.
276 2039 330 2071 27.
351 2026 438 2071 Maj.
466 2027 583 2071 major
606 2032 770 2060 cinereus
785 2036 821 2060 et
842 2032 941 2074 quasi
962 2037 1093 2062 unctus
1116 2028 1206 2062 mihi
1226 2033 1318 2062 visus
1342 2037 1403 2063 est.
1431 2029 1581 2077 Saepius
1596 2035 1740 2064 oniscos

135 2082 285 2132 praebui
304 2094 394 2129 quos
409 2088 554 2117 voravit.
583 2084 672 2117 Non
686 2082 903 2118 dexterrime
922 2082 1049 2118 inhiat.
1076 2085 1161 2119 Vidi
1181 2084 1227 2119 ad
1248 2098 1361 2133 usque
1376 2091 1490 2119 sexies
1510 2093 1638 2120 rictum
1654 2100 1741 2134 ape-

134 2144 266 2181 ruisse,
295 2150 335 2172 ut
357 2137 476 2173 allisas
508 2139 741 2174 mandibulas
767 2140 990 2184 audiverim,
1016 2153 1084 2174 nec
1113 2140 1237 2188 lingua
1263 2148 1428 2176 oniscum
1449 2147 1575 2188 attigit.
1611 2143 1742 2190 Neque

136 2195 219 2230 ideo
240 2200 352 2240 magis
377 2202 705 2244 appropinquavit,
729 2207 792 2231 aut
810 2202 1011 2230 accuratius
1034 2197 1276 2246 solertIusque
1294 2199 1415 2233 moliri
1440 2211 1515 2232 rein
1540 2198 1736 2244 observavi,

137 2252 201 2287 sed
215 2262 328 2287 coeco
348 2251 528 2299 brutoque
551 2259 655 2301 quasi
677 2260 819 2303 impetu
836 2252 1018 2289 invadere.
1046 2255 1194 2293 Accidit
1209 2268 1358 2305 quoque
1374 2265 1412 2290 ut
1431 2268 1555 2290 musca
1573 2260 1611 2290 in
1625 2255 1741 2292 altum

1451 2311 1508 2346 Ff
