2054 2748
702 153 1151 182 AMPHIBIA.
1647 150 1731 206 235

197 239 247 272 D.
267 248 299 285 9.
315 238 402 283 Maj.
427 249 494 285 per
518 235 661 284 aliquot
688 236 764 271 dies
787 245 939 284 uterque
958 246 1194 285 apparuerat,
1220 236 1284 272 sed
1304 240 1422 284 major
1442 240 1549 278 dorso
1574 252 1728 282 tantum,

124 297 208 330 Hoc
229 294 288 329 die
316 294 361 329 de
381 295 520 338 majore
543 292 636 328 nihil
664 298 861 341 conspiciO.
890 295 1017 327 Minor
1043 294 1168 329 colore
1194 294 1313 330 vivido
1342 295 1389 330 ad
1413 304 1566 344 parietes
1592 308 1672 338 vitri
1691 309 1730 338 in

123 351 239 386 altum
253 357 409 386 enititur.
424 350 604 385 Postridie
624 360 698 385 tam
717 351 835 396 major
847 362 957 397 quam
978 356 1099 385 minor
1113 350 1275 386 defossus
1290 365 1296 386 :
1317 364 1378 386 ore
1393 362 1517 388 tamen
1533 364 1727 395 eminente.

195 409 244 442 D.
270 414 321 449 14.
337 408 424 453 Maj.
439 407 560 442 media
580 417 690 442 nocte
711 417 745 441 et
766 406 887 441 adhuc
907 407 1082 454 postridie
1097 420 1206 441 mane
1222 414 1259 442 in
1274 408 1397 443 medio
1419 422 1501 445 vase
1519 417 1556 445 in
1575 425 1731 460 quatuor

122 464 233 512 pedes
254 463 427 499 altissime
450 474 651 510 surrectus,
671 463 851 511 pallidus,
871 462 935 497 sed
954 475 1033 496 non
1050 473 1259 499 unctuosus.
1289 465 1445 501 Meridie
1467 479 1552 503 vero
1568 474 1728 517 impran-

122 534 179 556 sus
200 533 237 556 se
257 521 502 556 abscondidit.

193 578 243 612 D.
265 580 315 613 ιδ.
332 579 420 623 Maj.
435 577 568 611 eodem
591 576 717 611 colore
735 582 774 611 in
793 576 983 625 superficie
1004 589 1042 611 se
1063 577 1237 613 exhibuit.
1265 580 1351 614 Non
1376 590 1546 627 arrectus.
1574 582 1730 631 Aliquot

122 640 267 669 oniscos
288 634 470 668 exhibitos
491 639 639 669 voravit.
668 633 728 669 Sic
746 644 783 668 et
799 634 890 669 alter
911 640 1042 669 minor.
1069 635 1157 669 Post
1179 634 1270 670 haec
1295 636 1599 674 subabsconditus
1614 642 1731 687 major

120 695 158 724 in
178 691 366 739 superficie
390 690 525 725 haeret.
553 692 681 725 Minor
694 690 913 739 plerumque
931 701 1028 726 totus
1049 696 1088 724 in
1105 702 1316 739 conspectU.

192 747 241 781 D.
263 759 318 781 22.
333 748 421 792 Maj.
437 756 589 794 uterque
604 746 706 782 adest
723 753 843 782 nitens
860 757 895 782 et
910 747 1095 782 coloratus
1111 758 1147 783 et
1162 749 1438 785 subunctuosus.
1465 751 1629 787 Alternis
1644 759 1729 788 vici·

119 802 186 838 bus
210 813 336 851 postea
352 803 485 838 adsunt
501 813 537 838 et
555 803 706 850 absunt,
729 814 764 839 et
785 804 838 839 nil
857 804 1106 839 memorabilis
1129 805 1296 841 offerunt.

191 861 241 894 D.
266 874 317 895 10.
337 862 420 895 Jun.
445 862 582 907 major,
607 860 733 908 pulcre
761 861 965 907 coloratus,
994 868 1134 907 virenS,
1158 863 1356 898 tuberculis
1380 864 1533 899 subfusis
1557 879 1729 915 apparet⁷

118 915 182 950 sed
197 929 274 950 non
294 927 505 952 unctuosus.
532 919 584 951 Eo
604 918 663 952 die
685 920 862 964 majorem
882 925 1157 967 minoremque,
1173 919 1304 967 quibus
1323 920 1511 968 hucusque
1524 917 1591 969 'per
1605 924 1728 971 plures

119 972 195 1007 dies
223 973 348 1007 nullus
372 974 473 1008 cibus
500 973 644 1008 oblatus
671 973 811 1019 fuerat,
837 974 912 1008 alui
938 975 1081 1022 aliquot
1109 980 1241 1010 muscis
1269 985 1305 1009 et
1328 982 1470 1011 oniseis.
1499 979 1625 1026 Atque
1651 991 1729 1015 tum

117 1034 234 1075 reperi
252 1028 507 1073 absconditos,
532 1034 634 1076 quasi
655 1040 739 1077 post
761 1040 906 1078 pastum
921 1031 1165 1066 meridiantes.

189 1085 238 1119 D.
266 1085 316 1119 15.
337 1087 421 1119 Jun.
442 1097 562 1119 rursus
581 1085 697 1119 adfuit
719 1095 894 1132 uterque3
924 1086 1067 1132 aliquot
1089 1093 1235 1121 oniscos
1253 1087 1404 1134 praebui
1423 1101 1515 1136 quos
1537 1092 1726 1139 negligen-

117 1149 173 1176 ter
194 1139 374 1175 inhiando
396 1151 580 1176 vorarunt.
607 1142 730 1187 Major
749 1140 845 1176 saltu
864 1154 970 1189 supra
992 1142 1218 1190 crepidinem
1244 1148 1333 1178 vasis
1353 1153 1575 1181 transversae
1597 1160 1726 1186 manus

117 1197 214 1232 altae
235 1210 272 1232 se
295 1197 470 1243 elevavit⁷
497 1204 580 1246 quia
601 1210 819 1246 campanam
841 1211 905 1246 per
925 1209 1157 1234 momentum
1186 1199 1416 1236 abstuleram.
1443 1203 1639 1250 Repositus
1655 1235 1663 1251 ,
1687 1214 1727 1243 in

117 1254 230 1301 pedes
248 1260 467 1302 posteriores
487 1254 646 1289 elevatus
662 1283 671 1300 ‚
692 1265 733 1290 ut
753 1255 862 1300 olim,
893 1261 1017 1291 neseio
1050 1256 1140 1304 quid
1167 1262 1390 1304 quaesiverit.
1418 1260 1543 1294 Noctu
1563 1260 1725 1300 defossus

117 1309 232 1346 latuit.
259 1311 439 1346 Postridie
461 1314 577 1358 majus
597 1318 783 1360 specimen
802 1318 976 1360 imposuit
998 1312 1101 1347 filius.
1129 1313 1288 1348 Pedibus
1309 1316 1566 1361 posterioribus
1582 1317 1675 1355 fodit
1690 1332 1727 1356 et

116 1376 250 1402 terram
278 1373 483 1415 impetuose
518 1371 648 1413 ejecit,
682 1381 755 1414 quo
787 1369 1041 1402 scorodosmas
1064 1368 1131 1402 sub
1160 1379 1254 1403 terra
1283 1369 1436 1404 latentes
1464 1379 1658 1419 exagitavit
1687 1388 1726 1413 ut

114 1423 313 1471 prodirent.
341 1425 469 1457 Limax
491 1422 590 1457 rufus
605 1422 913 1470 sesquipolliearis
935 1422 1177 1471 longitudinis
1194 1423 1383 1473 hucusque
1403 1427 1510 1462 simul
1528 1428 1623 1465 altus
1642 1445 1725 1480 post

115 1479 258 1527 aliquot
283 1480 359 1514 dies
381 1492 459 1514 non
476 1479 633 1526 amplius
652 1484 830 1526 apparuit.

188 1537 238 1570 D.
255 1543 307 1578 24.
325 1538 410 1571 Jun.
425 1548 552 1571 01111105
566 1546 637 1571 tres
655 1541 694 1570 in
708 1535 897 1584 superficie
915 1548 952 1570 se
967 1536 1226 1582 ostenderunt,
1242 1543 1351 1573 etiam
1367 1550 1514 1587 quartus
1526 1550 1725 1593 aquaticus,

118 1602 153 1628 et
173 1591 323 1640 quidem
350 1592 508 1627 interdiu
531 1605 573 1627 ae
593 1605 712 1627 mane.
739 1594 925 1629 Maximus
946 1602 1069 1627 tamen
1089 1594 1351 1631 semidefossus.
1379 1597 1528 1632 Medius
1551 1603 1725 1649 singulari

115 1649 230 1683 modo
249 1661 286 1683 se
306 1655 508 1694 continuit,
530 1649 685 1697 pedibus
704 1649 947 1684 anterioribus
975 1659 1092 1684 terrae
1114 1655 1272 1697 innisuS,
1297 1665 1452 1700 corpore
1476 1655 1523 1690 ad
1546 1663 1724 1704 parietem

115 1705 320 1753 applicato⁷
346 1711 532 1740 contrario
556 1712 625 1740 situ
646 1719 755 1754 quam
775 1706 863 1741 alias
886 1705 1028 1741 solebat
1051 1716 1184 1742 tenere.

187 1761 348 1808 Neglexi
367 1774 482 1810 usque
502 1768 540 1796 in
561 1776 610 1798 10.
627 1764 722 1810 Aug.
738 1763 799 1798 ubi
820 1763 962 1798 medius
981 1773 1151 1798 extensus
1171 1774 1206 1799 et
1225 1770 1426 1802 exsiccatus
1442 1768 1585 1814 jacebat
1605 1777 1641 1806 in
1665 1787 1724 1808 su-

115 1818 274 1866 perficie.
302 1820 425 1864 Major
444 1829 480 1853 et
499 1824 672 1854 minimus
695 1830 730 1854 et
757 1820 851 1855 duae
873 1820 1133 1856 seorodosmae
1154 1834 1295 1856 summe
1315 1829 1500 1861 exinaniti.
1529 1827 1625 1863 Octo
1647 1830 1723 1866 die-

115 1874 182 1910 bus
202 1885 285 1923 post
303 1881 412 1909 etiam
427 1875 540 1910 altera
555 1877 792 1911 scorodosma
807 1877 873 1912 sub
892 1887 985 1912 terra
1005 1889 1293 1926 computruerat,
1308 1890 1344 1915 et
1362 1893 1438 1916 non
1458 1888 1526 1917 nisi
1541 1887 1722 1932 quaedam

117 1933 191 1978 ejus
211 1931 387 1980 reliquiae
410 1945 532 1968 osseae
554 1943 727 1981 repertae.
755 1936 932 1969 Minimus
952 1934 1039 1969 bufo
1059 1935 1215 1983 vulgaris
1234 1949 1307 1984 quo
1324 1945 1461 1974 venerit
1483 1939 1624 1987 ignoro

188 1989 237 2023 D.
257 1992 288 2024 8.
303 2001 335 2036 9.
356 2003 406 2024 1o.
420 1989 518 2038 Sept.
535 2003 688 2037 magnus
703 1990 790 2026 bufo
807 1991 962 2026 humens
980 2002 1056 2027 erat
1072 2002 1107 2027 et
1122 1993 1265 2028 nitidus.
1293 1994 1417 2040 Quum
1440 2003 1566 2044 anguis
1587 1998 1721 2046 fragilis

116 2045 224 2079 simul
243 2050 433 2093 impositus
453 2057 544 2082 esset
557 2075 566 2092 ,
594 2046 680 2082 bufo
701 2053 740 2082 in
760 2048 872 2096 pedes
892 2058 1050 2096 quatuor
1072 2048 1179 2084 altius
1200 2060 1360 2096 erectuS,
1381 2059 1506 2088 timere
1530 2067 1566 2088 se
1585 2055 1630 2089 ab
1652 2055 1723 2090 illo·

116 2101 325 2148 serpentulo
344 2102 414 2137 sibi
429 2102 526 2138 clare
545 2104 753 2139 testabatur.
782 2107 915 2153 Neque
930 2105 1059 2140 oculos
1073 2105 1119 2140 ab
1138 2106 1204 2141 illo
1221 2107 1384 2144 dimovit.
1399 2111 1529 2145 Postea
1546 2111 1720 2148 obscurus

118 2166 153 2191 01
174 2157 350 2193 sordidus.
378 2157 529 2207 Semper
548 2159 620 2195 fere
643 2168 681 2195 in
704 2161 910 2209 superficie,
928 2171 967 2195 ut
987 2162 1135 2197 dorsum
1154 2170 1394 2212 conspicuum
1414 2176 1515 2201 esset.

189 2212 239 2248 D.
259 2226 313 2249 21.
334 2213 431 2262 Sept.
446 2228 565 2253 rursus
587 2217 713 2253 colore
731 2218 905 2264 clariore,
929 2218 991 2253 sed
1019 2231 1097 2254 non
1117 2221 1269 2257 madens
1287 2233 1349 2258 aut
1368 2222 1512 2258 nitidus.
1539 2224 1719 2261 Postridie
