<?xml version="1.0" encoding="UTF-8"?>
<!DOCTYPE html PUBLIC "-//W3C//DTD XHTML 1.0 Transitional//EN"
    "http://www.w3.org/TR/xhtml1/DTD/xhtml1-transitional.dtd">
<html xmlns="http://www.w3.org/1999/xhtml" xml:lang="en" lang="en">
 <head>
  <title>
</title>
<meta http-equiv="Content-Type" content="text/html;charset=utf-8" />
  <meta name='ocr-system' content='tesseract 3.04.00' />
  <meta name='ocr-capabilities' content='ocr_page ocr_carea ocr_par ocr_line ocrx_word'/>
</head>
<body>
  <div class='ocr_page' id='page_1' title='image "./observationeszoo00herm_0294.png"; bbox 0 0 2054 2748; ppageno 0'>
   <div class='ocr_carea' id='block_1_1' title="bbox 706 379 1490 473">
    <p class='ocr_par' dir='ltr' id='par_1_1' title="bbox 706 379 1490 473">
     <span class='ocr_line' id='line_1_1' title="bbox 706 379 1490 473; baseline -0.005 -3"><span class='ocrx_word' id='word_1_1' title='bbox 706 379 1490 473; x_wconf 77' lang='lat' dir='ltr'>Iv.PlscEs</span> 
     </span>
    </p>
   </div>
   <div class='ocr_carea' id='block_1_2' title="bbox 585 653 1605 702">
    <p class='ocr_par' dir='ltr' id='par_1_2' title="bbox 585 653 1605 702">
     <span class='ocr_line' id='line_1_2' title="bbox 585 653 1605 702; baseline -0.005 0"><span class='ocrx_word' id='word_1_2' title='bbox 585 654 1166 702; x_wconf 87' lang='lat' dir='ltr'>PETROMYZON</span> <span class='ocrx_word' id='word_1_3' title='bbox 1217 653 1605 701; x_wconf 86' lang='lat' dir='ltr'><strong>MARINUS.</strong></span> 
     </span>
    </p>
   </div>
   <div class='ocr_carea' id='block_1_3' title="bbox 292 739 1903 991">
    <p class='ocr_par' dir='ltr' id='par_1_3' title="bbox 292 739 1903 991">
     <span class='ocr_line' id='line_1_3' title="bbox 299 739 1898 822; baseline -0.007 -8"><span class='ocrx_word' id='word_1_4' title='bbox 299 739 511 815; x_wconf 78' lang='lat' dir='ltr'><strong>CAPTUM</strong></span> <span class='ocrx_word' id='word_1_5' title='bbox 539 779 727 822; x_wconf 81' lang='lat' dir='ltr'>specimen</span> <span class='ocrx_word' id='word_1_6' title='bbox 758 771 792 807; x_wconf 91' lang='lat' dir='ltr'>d.</span> <span class='ocrx_word' id='word_1_7' title='bbox 816 770 847 806; x_wconf 88' lang='lat'>5.</span> <span class='ocrx_word' id='word_1_8' title='bbox 878 771 1039 806; x_wconf 86' lang='lat' dir='ltr'>Pratens.</span> <span class='ocrx_word' id='word_1_9' title='bbox 1072 770 1116 806; x_wconf 92' lang='lat' dir='ltr'>A.</span> <span class='ocrx_word' id='word_1_10' title='bbox 1137 772 1178 808; x_wconf 77' lang='lat' dir='ltr'>R,</span> <span class='ocrx_word' id='word_1_11' title='bbox 1204 769 1261 804; x_wconf 85' lang='grc' dir='ltr'><strong>ΙΙΙ.</strong></span> <span class='ocrx_word' id='word_1_12' title='bbox 1301 768 1357 816; x_wconf 87' lang='lat' dir='ltr'>(d.</span> <span class='ocrx_word' id='word_1_13' title='bbox 1378 782 1432 805; x_wconf 88' lang='lat'>22.</span> <span class='ocrx_word' id='word_1_14' title='bbox 1462 771 1550 816; x_wconf 84' lang='lat' dir='ltr'>Maj.</span> <span class='ocrx_word' id='word_1_15' title='bbox 1580 768 1699 817; x_wconf 84' lang='lat'>1795.)</span> <span class='ocrx_word' id='word_1_16' title='bbox 1742 769 1898 817; x_wconf 82' lang='lat' dir='ltr'>(Martio</span> 
     </span>
     <span class='ocr_line' id='line_1_4' title="bbox 293 825 1901 875; baseline -0.006 -6"><span class='ocrx_word' id='word_1_17' title='bbox 293 834 420 870; x_wconf 85' lang='lat' dir='ltr'>fluvios</span> <span class='ocrx_word' id='word_1_18' title='bbox 439 831 559 867; x_wconf 87' lang='lat' dir='ltr'>subire</span> <span class='ocrx_word' id='word_1_19' title='bbox 575 829 687 865; x_wconf 85' lang='lat' dir='ltr'>habet</span> <span class='ocrx_word' id='word_1_20' title='bbox 705 826 983 875; x_wconf 81' lang='lat' dir='ltr'>Willughbaeus</span> <span class='ocrx_word' id='word_1_21' title='bbox 998 840 1033 875; x_wconf 86' lang='lat' dir='ltr'>p.</span> <span class='ocrx_word' id='word_1_22' title='bbox 1054 828 1129 864; x_wconf 80' lang='lat'>106.</span> <span class='ocrx_word' id='word_1_23' title='bbox 1155 842 1200 865; x_wconf 81' lang='lat' dir='ltr'>ex</span> <span class='ocrx_word' id='word_1_24' title='bbox 1215 827 1387 867; x_wconf 82' lang='lat' dir='ltr'>Baltnero</span> <span class='ocrx_word' id='word_1_25' title='bbox 1405 837 1551 872; x_wconf 87' lang='lat' dir='ltr'>nostro,</span> <span class='ocrx_word' id='word_1_26' title='bbox 1578 836 1615 862; x_wconf 88' lang='lat' dir='ltr'>et</span> <span class='ocrx_word' id='word_1_27' title='bbox 1632 825 1750 875; x_wconf 83' lang='lat' dir='ltr'>Aprili</span> <span class='ocrx_word' id='word_1_28' title='bbox 1771 832 1810 860; x_wconf 88' lang='lat' dir='ltr'>in</span> <span class='ocrx_word' id='word_1_29' title='bbox 1822 826 1901 874; x_wconf 80' lang='lat' dir='ltr'>gla-</span> 
     </span>
     <span class='ocr_line' id='line_1_5' title="bbox 292 882 1901 936; baseline -0.006 -10"><span class='ocrx_word' id='word_1_30' title='bbox 292 897 404 926; x_wconf 90' lang='lat' dir='ltr'>reosis</span> <span class='ocrx_word' id='word_1_31' title='bbox 428 888 538 925; x_wconf 84' lang='lat' dir='ltr'>alveis</span> <span class='ocrx_word' id='word_1_32' title='bbox 557 899 694 936; x_wconf 86' lang='lat' dir='ltr'>parere.</span> <span class='ocrx_word' id='word_1_33' title='bbox 722 887 772 921; x_wconf 86' lang='lat' dir='ltr'>At</span> <span class='ocrx_word' id='word_1_34' title='bbox 786 891 885 920; x_wconf 88' lang='lat' dir='ltr'>enim</span> <span class='ocrx_word' id='word_1_35' title='bbox 905 883 1029 919; x_wconf 87' lang='lat' dir='ltr'>nullos</span> <span class='ocrx_word' id='word_1_36' title='bbox 1047 898 1212 935; x_wconf 83' lang='lat' dir='ltr'>unquam</span> <span class='ocrx_word' id='word_1_37' title='bbox 1231 885 1330 936; x_wconf 89' lang='lat' dir='ltr'>apud</span> <span class='ocrx_word' id='word_1_38' title='bbox 1345 897 1413 921; x_wconf 84' lang='lat' dir='ltr'>nos</span> <span class='ocrx_word' id='word_1_39' title='bbox 1434 894 1598 933; x_wconf 87' lang='lat' dir='ltr'>repertos</span> <span class='ocrx_word' id='word_1_40' title='bbox 1613 895 1689 918; x_wconf 89' lang='lat' dir='ltr'>esse</span> <span class='ocrx_word' id='word_1_41' title='bbox 1705 882 1901 931; x_wconf 88' lang='lat' dir='ltr'>comperi.)</span> 
     </span>
     <span class='ocr_line' id='line_1_6' title="bbox 292 940 1903 991; baseline -0.006 -9"><span class='ocrx_word' id='word_1_42' title='bbox 292 951 336 983; x_wconf 88' lang='lat' dir='ltr'>In</span> <span class='ocrx_word' id='word_1_43' title='bbox 358 959 499 982; x_wconf 88' lang='lat' dir='ltr'>summa</span> <span class='ocrx_word' id='word_1_44' title='bbox 522 955 673 979; x_wconf 83' lang='lat' dir='ltr'>enatans</span> <span class='ocrx_word' id='word_1_45' title='bbox 699 942 889 990; x_wconf 85' lang='lat' dir='ltr'>superficie</span> <span class='ocrx_word' id='word_1_46' title='bbox 908 940 1015 976; x_wconf 82' lang='lat' dir='ltr'>Ellae</span> <span class='ocrx_word' id='word_1_47' title='bbox 1034 955 1150 991; x_wconf 85' lang='lat' dir='ltr'>prope</span> <span class='ocrx_word' id='word_1_48' title='bbox 1173 953 1373 980; x_wconf 80' lang='lat' dir='ltr'>cataractas</span> <span class='ocrx_word' id='word_1_49' title='bbox 1398 940 1552 977; x_wconf 86' lang='lat' dir='ltr'>reticulo</span> <span class='ocrx_word' id='word_1_50' title='bbox 1576 940 1755 989; x_wconf 81' lang='lat' dir='ltr'>quadrato</span> <span class='ocrx_word' id='word_1_51' title='bbox 1777 949 1903 988; x_wconf 86' lang='lat' dir='ltr'>captus</span> 
     </span>
    </p>
   </div>
   <div class='ocr_carea' id='block_1_4' title="bbox 294 1005 1904 1101">
    <p class='ocr_par' dir='ltr' id='par_1_4' title="bbox 294 1005 1904 1101">
     <span class='ocr_line' id='line_1_7' title="bbox 294 1005 1236 1045; baseline -0.007 -7"><span class='ocrx_word' id='word_1_52' title='bbox 294 1014 357 1038; x_wconf 86' lang='lat' dir='ltr'>est.</span> <span class='ocrx_word' id='word_1_53' title='bbox 386 1005 474 1037; x_wconf 86' lang='lat' dir='ltr'>Post</span> <span class='ocrx_word' id='word_1_54' title='bbox 490 1006 755 1035; x_wconf 84' lang='lat' dir='ltr'>extractionem</span> <span class='ocrx_word' id='word_1_55' title='bbox 773 1011 818 1032; x_wconf 83' lang='lat' dir='ltr'>ex</span> <span class='ocrx_word' id='word_1_56' title='bbox 837 1010 932 1045; x_wconf 87' lang='lat' dir='ltr'>aqua</span> <span class='ocrx_word' id='word_1_57' title='bbox 951 1008 1041 1029; x_wconf 85' lang='lat' dir='ltr'>mox</span> <span class='ocrx_word' id='word_1_58' title='bbox 1061 1010 1236 1034; x_wconf 75' lang='lat' dir='ltr'>mortuus.</span> 
     </span>
     <span class='ocr_line' id='line_1_8' title="bbox 368 1049 1904 1101; baseline -0.003 -10"><span class='ocrx_word' id='word_1_59' title='bbox 368 1059 534 1092; x_wconf 83' lang='lat' dir='ltr'>Dorsum</span> <span class='ocrx_word' id='word_1_60' title='bbox 552 1056 598 1089; x_wconf 91' lang='lat' dir='ltr'>ad</span> <span class='ocrx_word' id='word_1_61' title='bbox 616 1061 771 1101; x_wconf 79' lang='lat' dir='ltr'>primam</span> <span class='ocrx_word' id='word_1_62' title='bbox 783 1060 937 1099; x_wconf 81' lang='lat' dir='ltr'>pinnam</span> <span class='ocrx_word' id='word_1_63' title='bbox 953 1051 1137 1086; x_wconf 82' lang='lat' dir='ltr'>dorsalem</span> <span class='ocrx_word' id='word_1_64' title='bbox 1156 1067 1271 1099; x_wconf 81' lang='lat' dir='ltr'>usque</span> <span class='ocrx_word' id='word_1_65' title='bbox 1286 1059 1507 1094; x_wconf 85' lang='lat' dir='ltr'>carinatum,</span> <span class='ocrx_word' id='word_1_66' title='bbox 1519 1056 1642 1084; x_wconf 78' lang='lat' dir='ltr'>carina</span> <span class='ocrx_word' id='word_1_67' title='bbox 1657 1049 1786 1085; x_wconf 85' lang='lat' dir='ltr'>obtusa</span> <span class='ocrx_word' id='word_1_68' title='bbox 1802 1058 1904 1098; x_wconf 83' lang='lat' dir='ltr'>quasi</span> 
     </span>
    </p>
   </div>
   <div class='ocr_carea' id='block_1_5' title="bbox 292 1104 1906 1669">
    <p class='ocr_par' dir='ltr' id='par_1_5' title="bbox 292 1104 1903 1217">
     <span class='ocr_line' id='line_1_9' title="bbox 296 1104 1903 1160; baseline -0.001 -14"><span class='ocrx_word' id='word_1_69' title='bbox 296 1113 462 1160; x_wconf 80' lang='lat' dir='ltr'>cylindro</span> <span class='ocrx_word' id='word_1_70' title='bbox 483 1121 546 1146; x_wconf 89' lang='lat' dir='ltr'>aut</span> <span class='ocrx_word' id='word_1_71' title='bbox 560 1109 723 1144; x_wconf 87' lang='lat' dir='ltr'>funiculo</span> <span class='ocrx_word' id='word_1_72' title='bbox 741 1112 900 1143; x_wconf 79' lang='lat' dir='ltr'>crassitie</span> <span class='ocrx_word' id='word_1_73' title='bbox 918 1109 1063 1144; x_wconf 78' lang='lat' dir='ltr'>minimi</span> <span class='ocrx_word' id='word_1_74' title='bbox 1085 1108 1187 1156; x_wconf 78' lang='lat' dir='ltr'>digiti</span> <span class='ocrx_word' id='word_1_75' title='bbox 1205 1107 1373 1142; x_wconf 86' lang='lat' dir='ltr'>feminini</span> <span class='ocrx_word' id='word_1_76' title='bbox 1388 1104 1497 1140; x_wconf 89' lang='lat' dir='ltr'>dorso</span> <span class='ocrx_word' id='word_1_77' title='bbox 1519 1110 1711 1153; x_wconf 82' lang='lat' dir='ltr'>imposit03</span> <span class='ocrx_word' id='word_1_78' title='bbox 1732 1119 1825 1155; x_wconf 88' lang='lat' dir='ltr'>quae</span> <span class='ocrx_word' id='word_1_79' title='bbox 1844 1121 1903 1144; x_wconf 85' lang='lat' dir='ltr'>ca-</span> 
     </span>
     <span class='ocr_line' id='line_1_10' title="bbox 292 1165 1373 1217; baseline -0.009 -10"><span class='ocrx_word' id='word_1_80' title='bbox 292 1177 371 1207; x_wconf 87' lang='lat' dir='ltr'>rina</span> <span class='ocrx_word' id='word_1_81' title='bbox 391 1174 519 1217; x_wconf 81' lang='lat' dir='ltr'>incipit</span> <span class='ocrx_word' id='word_1_82' title='bbox 539 1177 634 1202; x_wconf 85' lang='lat' dir='ltr'>retro</span> <span class='ocrx_word' id='word_1_83' title='bbox 655 1176 883 1215; x_wconf 83' lang='lat' dir='ltr'>postremum</span> <span class='ocrx_word' id='word_1_84' title='bbox 902 1165 1070 1201; x_wconf 84' lang='lat' dir='ltr'>foramen</span> <span class='ocrx_word' id='word_1_85' title='bbox 1090 1169 1373 1213; x_wconf 88' lang='lat' dir='ltr'>respiratorium.</span> 
     </span>
    </p>

    <p class='ocr_par' dir='ltr' id='par_1_6' title="bbox 293 1219 1904 1322">
     <span class='ocr_line' id='line_1_11' title="bbox 368 1219 1904 1274; baseline -0.005 -12"><span class='ocrx_word' id='word_1_86' title='bbox 368 1230 510 1274; x_wconf 86' lang='lat' dir='ltr'>Corpus</span> <span class='ocrx_word' id='word_1_87' title='bbox 526 1224 763 1260; x_wconf 84' lang='lat' dir='ltr'>maculatum.</span> <span class='ocrx_word' id='word_1_88' title='bbox 790 1223 936 1259; x_wconf 79' lang='lat' dir='ltr'><strong>Dentes</strong></span> <span class='ocrx_word' id='word_1_89' title='bbox 954 1229 1072 1260; x_wconf 86' lang='lat' dir='ltr'>verius</span> <span class='ocrx_word' id='word_1_90' title='bbox 1087 1225 1108 1257; x_wconf 78' lang='lat' dir='ltr'>a</span> <span class='ocrx_word' id='word_1_91' title='bbox 1121 1220 1383 1269; x_wconf 81' lang='lat' dir='ltr'>Willughbaeo</span> <span class='ocrx_word' id='word_1_92' title='bbox 1403 1219 1573 1268; x_wconf 81' lang='lat' dir='ltr'>descripti</span> <span class='ocrx_word' id='word_1_93' title='bbox 1588 1231 1699 1268; x_wconf 87' lang='lat' dir='ltr'>quam</span> <span class='ocrx_word' id='word_1_94' title='bbox 1711 1232 1732 1255; x_wconf 90' lang='lat' dir='ltr'>a</span> <span class='ocrx_word' id='word_1_95' title='bbox 1750 1219 1904 1256; x_wconf 87' lang='lat' dir='ltr'>Blochio</span> 
     </span>
     <span class='ocr_line' id='line_1_12' title="bbox 293 1285 477 1322; baseline -0.027 0"><span class='ocrx_word' id='word_1_96' title='bbox 293 1285 477 1322; x_wconf 67' lang='lat' dir='ltr'>delineari.</span> 
     </span>
    </p>

    <p class='ocr_par' dir='ltr' id='par_1_7' title="bbox 294 1332 1906 1445">
     <span class='ocr_line' id='line_1_13' title="bbox 369 1332 1906 1388; baseline -0.003 -14"><span class='ocrx_word' id='word_1_97' title='bbox 369 1344 505 1388; x_wconf 77' lang='lat' dir='ltr'>Capitis</span> <span class='ocrx_word' id='word_1_98' title='bbox 530 1344 621 1373; x_wconf 82' lang='lat' dir='ltr'>mira</span> <span class='ocrx_word' id='word_1_99' title='bbox 648 1337 783 1373; x_wconf 83' lang='lat' dir='ltr'>fabrica</span> <span class='ocrx_word' id='word_1_100' title='bbox 803 1337 960 1373; x_wconf 85' lang='lat' dir='ltr'>describi</span> <span class='ocrx_word' id='word_1_101' title='bbox 984 1342 1187 1373; x_wconf 84' lang='lat' dir='ltr'>accuratius</span> <span class='ocrx_word' id='word_1_102' title='bbox 1210 1344 1371 1370; x_wconf 87' lang='lat' dir='ltr'>meretur</span> <span class='ocrx_word' id='word_1_103' title='bbox 1392 1343 1428 1369; x_wconf 92' lang='lat' dir='ltr'>et</span> <span class='ocrx_word' id='word_1_104' title='bbox 1450 1332 1636 1369; x_wconf 84' lang='lat' dir='ltr'>delineari.</span> <span class='ocrx_word' id='word_1_105' title='bbox 1671 1334 1732 1368; x_wconf 92' lang='lat' dir='ltr'>En</span> <span class='ocrx_word' id='word_1_106' title='bbox 1758 1333 1906 1370; x_wconf 87' lang='lat' dir='ltr'>brevem</span> 
     </span>
     <span class='ocr_line' id='line_1_14' title="bbox 294 1394 595 1445; baseline -0.017 -11"><span class='ocrx_word' id='word_1_107' title='bbox 294 1394 595 1445; x_wconf 82' lang='lat' dir='ltr'>descriptionem!</span> 
     </span>
    </p>

    <p class='ocr_par' dir='ltr' id='par_1_8' title="bbox 295 1444 1905 1669">
     <span class='ocr_line' id='line_1_15' title="bbox 367 1444 1905 1496; baseline -0.003 -9"><span class='ocrx_word' id='word_1_108' title='bbox 367 1456 521 1488; x_wconf 85' lang='lat' dir='ltr'>Lamina</span> <span class='ocrx_word' id='word_1_109' title='bbox 546 1455 689 1486; x_wconf 84' lang='lat' dir='ltr'>verticis</span> <span class='ocrx_word' id='word_1_110' title='bbox 713 1449 968 1496; x_wconf 79' lang='lat' dir='ltr'>cartilaginea,</span> <span class='ocrx_word' id='word_1_111' title='bbox 989 1448 1148 1496; x_wconf 84' lang='lat' dir='ltr'>duplex,</span> <span class='ocrx_word' id='word_1_112' title='bbox 1170 1446 1273 1491; x_wconf 85' lang='lat' dir='ltr'>alba,</span> <span class='ocrx_word' id='word_1_113' title='bbox 1295 1444 1614 1492; x_wconf 77' lang='lat' dir='ltr'>nigro-maculata.</span> <span class='ocrx_word' id='word_1_114' title='bbox 1647 1444 1820 1493; x_wconf 86' lang='lat' dir='ltr'>Superior</span> <span class='ocrx_word' id='word_1_115' title='bbox 1846 1453 1905 1483; x_wconf 86' lang='lat' dir='ltr'>cui</span> 
     </span>
     <span class='ocr_line' id='line_1_16' title="bbox 297 1501 1905 1556; baseline -0.004 -11"><span class='ocrx_word' id='word_1_116' title='bbox 297 1515 387 1546; x_wconf 88' lang='lat' dir='ltr'>cutis</span> <span class='ocrx_word' id='word_1_117' title='bbox 399 1508 658 1556; x_wconf 86' lang='lat' dir='ltr'>superinducta</span> <span class='ocrx_word' id='word_1_118' title='bbox 678 1511 801 1541; x_wconf 87' lang='lat' dir='ltr'>antico</span> <span class='ocrx_word' id='word_1_119' title='bbox 820 1512 986 1553; x_wconf 73' lang='lat' dir='ltr'>margine</span> <span class='ocrx_word' id='word_1_120' title='bbox 1000 1505 1155 1540; x_wconf 87' lang='lat' dir='ltr'>breviter</span> <span class='ocrx_word' id='word_1_121' title='bbox 1172 1501 1301 1537; x_wconf 80' lang='lat' dir='ltr'>bilobo</span> <span class='ocrx_word' id='word_1_122' title='bbox 1315 1529 1323 1545; x_wconf 85' lang='lat'>‚</span> <span class='ocrx_word' id='word_1_123' title='bbox 1338 1513 1401 1536; x_wconf 84' lang='lat' dir='ltr'>seu</span> <span class='ocrx_word' id='word_1_124' title='bbox 1418 1510 1539 1535; x_wconf 84' lang='lat' dir='ltr'>retuso</span> <span class='ocrx_word' id='word_1_125' title='bbox 1553 1528 1561 1544; x_wconf 90' lang='lat'>,</span> <span class='ocrx_word' id='word_1_126' title='bbox 1581 1506 1640 1535; x_wconf 88' lang='lat' dir='ltr'>cui</span> <span class='ocrx_word' id='word_1_127' title='bbox 1655 1508 1747 1537; x_wconf 87' lang='lat' dir='ltr'>cutis</span> <span class='ocrx_word' id='word_1_128' title='bbox 1763 1503 1905 1539; x_wconf 83' lang='lat' dir='ltr'>dimidii</span> 
     </span>
     <span class='ocr_line' id='line_1_17' title="bbox 295 1556 1904 1616; baseline -0.004 -15"><span class='ocrx_word' id='word_1_129' title='bbox 295 1566 442 1616; x_wconf 86' lang='lat' dir='ltr'>pollicis</span> <span class='ocrx_word' id='word_1_130' title='bbox 462 1577 483 1599; x_wconf 89' lang='lat' dir='ltr'>a</span> <span class='ocrx_word' id='word_1_131' title='bbox 501 1569 664 1611; x_wconf 83' lang='lat' dir='ltr'>margine</span> <span class='ocrx_word' id='word_1_132' title='bbox 679 1568 861 1597; x_wconf 84' lang='lat' dir='ltr'>anteriore</span> <span class='ocrx_word' id='word_1_133' title='bbox 876 1562 1048 1597; x_wconf 82' lang='lat' dir='ltr'>distantia</span> <span class='ocrx_word' id='word_1_134' title='bbox 1063 1560 1282 1595; x_wconf 81' lang='lat' dir='ltr'>adnascitur.</span> <span class='ocrx_word' id='word_1_135' title='bbox 1297 1559 1351 1592; x_wconf 85' lang='lat' dir='ltr'>Ea</span> <span class='ocrx_word' id='word_1_136' title='bbox 1367 1557 1504 1591; x_wconf 84' lang='lat' dir='ltr'>lamina</span> <span class='ocrx_word' id='word_1_137' title='bbox 1522 1569 1542 1591; x_wconf 88' lang='lat' dir='ltr'>a</span> <span class='ocrx_word' id='word_1_138' title='bbox 1562 1556 1742 1593; x_wconf 85' lang='lat' dir='ltr'>foramine</span> <span class='ocrx_word' id='word_1_139' title='bbox 1761 1560 1904 1595; x_wconf 89' lang='lat' dir='ltr'>nuchae</span> 
     </span>
     <span class='ocr_line' id='line_1_18' title="bbox 295 1612 1903 1669; baseline -0.004 -11"><span class='ocrx_word' id='word_1_140' title='bbox 295 1635 375 1658; x_wconf 85' lang='lat' dir='ltr'>non</span> <span class='ocrx_word' id='word_1_141' title='bbox 393 1620 618 1669; x_wconf 85' lang='lat' dir='ltr'>perforatur,</span> <span class='ocrx_word' id='word_1_142' title='bbox 636 1624 689 1654; x_wconf 88' lang='lat' dir='ltr'>uti</span> <span class='ocrx_word' id='word_1_143' title='bbox 704 1618 828 1654; x_wconf 84' lang='lat' dir='ltr'>subtus</span> <span class='ocrx_word' id='word_1_144' title='bbox 849 1630 930 1653; x_wconf 88' lang='lat' dir='ltr'>eam</span> <span class='ocrx_word' id='word_1_145' title='bbox 947 1617 1165 1665; x_wconf 85' lang='lat' dir='ltr'>adspicienti</span> <span class='ocrx_word' id='word_1_146' title='bbox 1179 1623 1342 1662; x_wconf 85' lang='lat' dir='ltr'>apparet.</span> <span class='ocrx_word' id='word_1_147' title='bbox 1369 1614 1453 1659; x_wconf 86' lang='lat' dir='ltr'>Quo</span> <span class='ocrx_word' id='word_1_148' title='bbox 1474 1612 1568 1648; x_wconf 88' lang='lat' dir='ltr'>adeo</span> <span class='ocrx_word' id='word_1_149' title='bbox 1592 1613 1686 1648; x_wconf 88' lang='lat' dir='ltr'>illud</span> <span class='ocrx_word' id='word_1_150' title='bbox 1703 1614 1903 1651; x_wconf 85' lang='lat' dir='ltr'>foraminu-</span> 
     </span>
    </p>
   </div>
   <div class='ocr_carea' id='block_1_6' title="bbox 294 1675 1902 1780">
    <p class='ocr_par' dir='ltr' id='par_1_9' title="bbox 294 1675 1902 1780">
     <span class='ocr_line' id='line_1_19' title="bbox 294 1675 867 1724; baseline -0.01 -9"><span class='ocrx_word' id='word_1_151' title='bbox 294 1680 373 1715; x_wconf 82' lang='lat' dir='ltr'>lum</span> <span class='ocrx_word' id='word_1_152' title='bbox 391 1678 489 1721; x_wconf 80' lang='lat' dir='ltr'>abit,</span> <span class='ocrx_word' id='word_1_153' title='bbox 510 1686 572 1711; x_wconf 86' lang='lat' dir='ltr'>aut</span> <span class='ocrx_word' id='word_1_154' title='bbox 592 1688 665 1724; x_wconf 87' lang='lat' dir='ltr'>quo</span> <span class='ocrx_word' id='word_1_155' title='bbox 690 1675 867 1710; x_wconf 72' lang='lat' dir='ltr'>deducit?</span> 
     </span>
     <span class='ocr_line' id='line_1_20' title="bbox 369 1725 1902 1780; baseline -0.004 -11"><span class='ocrx_word' id='word_1_156' title='bbox 369 1733 554 1780; x_wconf 81' lang='lat' dir='ltr'>Cartilago</span> <span class='ocrx_word' id='word_1_157' title='bbox 576 1731 725 1766; x_wconf 81' lang='lat' dir='ltr'>inferior</span> <span class='ocrx_word' id='word_1_158' title='bbox 742 1745 762 1766; x_wconf 84' lang='lat' dir='ltr'>a</span> <span class='ocrx_word' id='word_1_159' title='bbox 776 1736 962 1780; x_wconf 86' lang='lat' dir='ltr'>superiore</span> <span class='ocrx_word' id='word_1_160' title='bbox 982 1735 1090 1765; x_wconf 88' lang='lat' dir='ltr'>trium</span> <span class='ocrx_word' id='word_1_161' title='bbox 1104 1727 1163 1763; x_wconf 86' lang='lat' dir='ltr'>vel</span> <span class='ocrx_word' id='word_1_162' title='bbox 1178 1736 1335 1775; x_wconf 86' lang='lat' dir='ltr'>quatuor</span> <span class='ocrx_word' id='word_1_163' title='bbox 1353 1725 1533 1761; x_wconf 88' lang='lat' dir='ltr'>linearum</span> <span class='ocrx_word' id='word_1_164' title='bbox 1553 1725 1627 1760; x_wconf 82' lang='lat' dir='ltr'>fere</span> <span class='ocrx_word' id='word_1_165' title='bbox 1649 1732 1766 1775; x_wconf 86' lang='lat' dir='ltr'>spatio</span> <span class='ocrx_word' id='word_1_166' title='bbox 1782 1739 1902 1763; x_wconf 88' lang='lat' dir='ltr'>remo-</span> 
     </span>
    </p>
   </div>
   <div class='ocr_carea' id='block_1_7' title="bbox 295 1783 1903 2178">
    <p class='ocr_par' dir='ltr' id='par_1_10' title="bbox 295 1783 1903 2005">
     <span class='ocr_line' id='line_1_21' title="bbox 297 1783 1903 1839; baseline -0.005 -13"><span class='ocrx_word' id='word_1_167' title='bbox 297 1803 353 1836; x_wconf 81' lang='lat' dir='ltr'>ta,</span> <span class='ocrx_word' id='word_1_168' title='bbox 371 1796 513 1839; x_wconf 86' lang='lat' dir='ltr'>postice</span> <span class='ocrx_word' id='word_1_169' title='bbox 532 1789 649 1824; x_wconf 82' lang='lat' dir='ltr'>trifida</span> <span class='ocrx_word' id='word_1_170' title='bbox 666 1817 675 1833; x_wconf 84' lang='lat'>,</span> <span class='ocrx_word' id='word_1_171' title='bbox 703 1788 843 1823; x_wconf 85' lang='lat' dir='ltr'>duabus</span> <span class='ocrx_word' id='word_1_172' title='bbox 874 1787 940 1822; x_wconf 85' lang='lat' dir='ltr'>alis</span> <span class='ocrx_word' id='word_1_173' title='bbox 964 1783 1247 1821; x_wconf 83' lang='lat' dir='ltr'>ascendentibus</span> <span class='ocrx_word' id='word_1_174' title='bbox 1261 1811 1270 1828; x_wconf 87' lang='lat'>‚</span> <span class='ocrx_word' id='word_1_175' title='bbox 1293 1788 1458 1830; x_wconf 82' lang='lat' dir='ltr'>margine</span> <span class='ocrx_word' id='word_1_176' title='bbox 1479 1794 1672 1828; x_wconf 83' lang='lat' dir='ltr'>connexo,</span> <span class='ocrx_word' id='word_1_177' title='bbox 1703 1788 1795 1819; x_wconf 89' lang='lat' dir='ltr'>intra</span> <span class='ocrx_word' id='word_1_178' title='bbox 1814 1797 1903 1833; x_wconf 84' lang='lat' dir='ltr'>quas</span> 
     </span>
     <span class='ocr_line' id='line_1_22' title="bbox 296 1839 1903 1892; baseline -0.003 -10"><span class='ocrx_word' id='word_1_179' title='bbox 296 1849 418 1884; x_wconf 82' lang='lat' dir='ltr'>fauces</span> <span class='ocrx_word' id='word_1_180' title='bbox 439 1852 511 1881; x_wconf 85' lang='lat' dir='ltr'>sive</span> <span class='ocrx_word' id='word_1_181' title='bbox 533 1850 719 1892; x_wconf 78' lang='lat' dir='ltr'>angustiae</span> <span class='ocrx_word' id='word_1_182' title='bbox 745 1855 903 1892; x_wconf 83' lang='lat' dir='ltr'>quatuor</span> <span class='ocrx_word' id='word_1_183' title='bbox 924 1843 1102 1878; x_wconf 85' lang='lat' dir='ltr'>linearum</span> <span class='ocrx_word' id='word_1_184' title='bbox 1127 1840 1202 1874; x_wconf 82' lang='lat' dir='ltr'>sere</span> <span class='ocrx_word' id='word_1_185' title='bbox 1221 1839 1485 1887; x_wconf 76' lang='lat' dir='ltr'>amplitudine,</span> <span class='ocrx_word' id='word_1_186' title='bbox 1509 1851 1603 1888; x_wconf 86' lang='lat' dir='ltr'>quae</span> <span class='ocrx_word' id='word_1_187' title='bbox 1627 1839 1674 1874; x_wconf 88' lang='lat' dir='ltr'>ad</span> <span class='ocrx_word' id='word_1_188' title='bbox 1694 1850 1903 1888; x_wconf 87' lang='lat' dir='ltr'>aperturam</span> 
     </span>
     <span class='ocr_line' id='line_1_23' title="bbox 296 1895 1902 1953; baseline -0.002 -15"><span class='ocrx_word' id='word_1_189' title='bbox 296 1908 533 1953; x_wconf 87' lang='lat' dir='ltr'>posteriorem</span> <span class='ocrx_word' id='word_1_190' title='bbox 564 1901 781 1936; x_wconf 85' lang='lat' dir='ltr'>fornicatam</span> <span class='ocrx_word' id='word_1_191' title='bbox 805 1899 1002 1935; x_wconf 85' lang='lat' dir='ltr'>deducunt.</span> <span class='ocrx_word' id='word_1_192' title='bbox 1032 1895 1165 1945; x_wconf 83' lang='lat' dir='ltr'>(Quod</span> <span class='ocrx_word' id='word_1_193' title='bbox 1184 1896 1355 1942; x_wconf 77' lang='lat' dir='ltr'>ulterius,</span> <span class='ocrx_word' id='word_1_194' title='bbox 1378 1902 1431 1932; x_wconf 91' lang='lat' dir='ltr'>uti</span> <span class='ocrx_word' id='word_1_195' title='bbox 1456 1905 1534 1931; x_wconf 90' lang='lat' dir='ltr'>tota</span> <span class='ocrx_word' id='word_1_196' title='bbox 1552 1896 1687 1931; x_wconf 80' lang='lat' dir='ltr'>fabrica</span> <span class='ocrx_word' id='word_1_197' title='bbox 1705 1903 1902 1934; x_wconf 81' lang='lat' dir='ltr'>examinari</span> 
     </span>
     <span class='ocr_line' id='line_1_24' title="bbox 295 1958 484 2005; baseline -0.021 -9"><span class='ocrx_word' id='word_1_198' title='bbox 295 1958 484 2005; x_wconf 85' lang='lat' dir='ltr'>meretur.)</span> 
     </span>
    </p>

    <p class='ocr_par' dir='ltr' id='par_1_11' title="bbox 298 2008 1901 2178">
     <span class='ocr_line' id='line_1_25' title="bbox 368 2008 1901 2060; baseline -0.005 -8"><span class='ocrx_word' id='word_1_199' title='bbox 368 2019 455 2052; x_wconf 86' lang='lat' dir='ltr'>Pars</span> <span class='ocrx_word' id='word_1_200' title='bbox 472 2020 631 2050; x_wconf 87' lang='lat' dir='ltr'>anterior</span> <span class='ocrx_word' id='word_1_201' title='bbox 644 2015 750 2060; x_wconf 84' lang='lat' dir='ltr'>hujus</span> <span class='ocrx_word' id='word_1_202' title='bbox 767 2013 945 2048; x_wconf 86' lang='lat' dir='ltr'>inferioris</span> <span class='ocrx_word' id='word_1_203' title='bbox 969 2011 1145 2053; x_wconf 82' lang='lat' dir='ltr'>laminae,</span> <span class='ocrx_word' id='word_1_204' title='bbox 1164 2014 1217 2044; x_wconf 85' lang='lat' dir='ltr'>uti</span> <span class='ocrx_word' id='word_1_205' title='bbox 1237 2020 1282 2042; x_wconf 86' lang='lat' dir='ltr'>ex</span> <span class='ocrx_word' id='word_1_206' title='bbox 1305 2008 1459 2043; x_wconf 85' lang='lat' dir='ltr'>abscissa</span> <span class='ocrx_word' id='word_1_207' title='bbox 1475 2018 1577 2057; x_wconf 84' lang='lat' dir='ltr'>parte</span> <span class='ocrx_word' id='word_1_208' title='bbox 1600 2015 1725 2057; x_wconf 89' lang='lat' dir='ltr'>capitis</span> <span class='ocrx_word' id='word_1_209' title='bbox 1747 2022 1839 2057; x_wconf 86' lang='lat' dir='ltr'>quae</span> <span class='ocrx_word' id='word_1_210' title='bbox 1861 2023 1901 2047; x_wconf 80' lang='lat' dir='ltr'>os</span> 
     </span>
     <span class='ocr_line' id='line_1_26' title="bbox 298 2066 1901 2116; baseline -0.006 -8"><span class='ocrx_word' id='word_1_211' title='bbox 298 2078 484 2116; x_wconf 79' lang='lat' dir='ltr'>continet,</span> <span class='ocrx_word' id='word_1_212' title='bbox 508 2070 712 2114; x_wconf 73' lang='lat' dir='ltr'>observavi,</span> <span class='ocrx_word' id='word_1_213' title='bbox 732 2069 798 2104; x_wconf 87' lang='lat' dir='ltr'>sub</span> <span class='ocrx_word' id='word_1_214' title='bbox 823 2078 906 2103; x_wconf 91' lang='lat' dir='ltr'>cute</span> <span class='ocrx_word' id='word_1_215' title='bbox 926 2066 1073 2101; x_wconf 88' lang='lat' dir='ltr'>mobilis</span> <span class='ocrx_word' id='word_1_216' title='bbox 1093 2075 1167 2110; x_wconf 85' lang='lat' dir='ltr'>est,</span> <span class='ocrx_word' id='word_1_217' title='bbox 1187 2075 1224 2100; x_wconf 90' lang='lat' dir='ltr'>et</span> <span class='ocrx_word' id='word_1_218' title='bbox 1242 2075 1449 2100; x_wconf 87' lang='lat' dir='ltr'>antrorsum</span> <span class='ocrx_word' id='word_1_219' title='bbox 1473 2076 1743 2113; x_wconf 84' lang='lat' dir='ltr'>retrorsumque</span> <span class='ocrx_word' id='word_1_220' title='bbox 1764 2074 1901 2104; x_wconf 77' lang='lat' dir='ltr'>moveri</span> 
     </span>
     <span class='ocr_line' id='line_1_27' title="bbox 299 2121 1901 2178; baseline -0.003 -14"><span class='ocrx_word' id='word_1_221' title='bbox 299 2139 429 2178; x_wconf 86' lang='lat' dir='ltr'>potest.</span> <span class='ocrx_word' id='word_1_222' title='bbox 459 2126 691 2175; x_wconf 80' lang='lat' dir='ltr'>(Videndum</span> <span class='ocrx_word' id='word_1_223' title='bbox 709 2124 899 2173; x_wconf 84' lang='lat' dir='ltr'>quomodo</span> <span class='ocrx_word' id='word_1_224' title='bbox 918 2123 1010 2158; x_wconf 86' lang='lat' dir='ltr'>haec</span> <span class='ocrx_word' id='word_1_225' title='bbox 1029 2135 1066 2159; x_wconf 86' lang='lat' dir='ltr'>se</span> <span class='ocrx_word' id='word_1_226' title='bbox 1088 2121 1250 2157; x_wconf 86' lang='lat' dir='ltr'>habeant</span> <span class='ocrx_word' id='word_1_227' title='bbox 1262 2149 1271 2167; x_wconf 92' lang='lat'>‚</span> <span class='ocrx_word' id='word_1_228' title='bbox 1291 2122 1440 2170; x_wconf 87' lang='lat' dir='ltr'>quando</span> <span class='ocrx_word' id='word_1_229' title='bbox 1462 2132 1582 2170; x_wconf 84' lang='lat' dir='ltr'>partes</span> <span class='ocrx_word' id='word_1_230' title='bbox 1599 2121 1667 2156; x_wconf 87' lang='lat' dir='ltr'>hae</span> <span class='ocrx_word' id='word_1_231' title='bbox 1682 2133 1766 2158; x_wconf 85' lang='lat' dir='ltr'>sunt</span> <span class='ocrx_word' id='word_1_232' title='bbox 1780 2123 1901 2160; x_wconf 87' lang='lat' dir='ltr'>adhuc</span> 
     </span>
    </p>
   </div>
   <div class='ocr_carea' id='block_1_8' title="bbox 299 2184 490 2233">
    <p class='ocr_par' dir='ltr' id='par_1_12' title="bbox 299 2184 490 2233">
     <span class='ocr_line' id='line_1_28' title="bbox 299 2184 490 2233; baseline -0.005 -13"><span class='ocrx_word' id='word_1_233' title='bbox 299 2184 490 2233; x_wconf 79' lang='lat' dir='ltr'>integrae.)</span> 
     </span>
    </p>
   </div>
  </div>
 </body>
</html>
