<?xml version="1.0" encoding="UTF-8"?>
<!DOCTYPE html PUBLIC "-//W3C//DTD XHTML 1.0 Transitional//EN"
    "http://www.w3.org/TR/xhtml1/DTD/xhtml1-transitional.dtd">
<html xmlns="http://www.w3.org/1999/xhtml" xml:lang="en" lang="en">
 <head>
  <title>
</title>
<meta http-equiv="Content-Type" content="text/html;charset=utf-8" />
  <meta name='ocr-system' content='tesseract 3.04.00' />
  <meta name='ocr-capabilities' content='ocr_page ocr_carea ocr_par ocr_line ocrx_word'/>
</head>
<body>
  <div class='ocr_page' id='page_1' title='image "./observationeszoo00herm_0097.png"; bbox 0 0 2054 2748; ppageno 0'>
   <div class='ocr_carea' id='block_1_1' title="bbox 752 135 1756 181">
    <p class='ocr_par' dir='ltr' id='par_1_1' title="bbox 752 135 1756 181">
     <span class='ocr_line' id='line_1_1' title="bbox 752 135 1756 181; baseline 0.001 -1"><span class='ocrx_word' id='word_1_1' title='bbox 752 135 1175 180; x_wconf 77' lang='lat' dir='ltr'>MAMMALIA.</span> <span class='ocrx_word' id='word_1_2' title='bbox 1706 136 1756 181; x_wconf 76' lang='grc' dir='ltr'>δι</span> 
     </span>
    </p>
   </div>
   <div class='ocr_carea' id='block_1_2' title="bbox 165 231 1777 1405">
    <p class='ocr_par' dir='ltr' id='par_1_2' title="bbox 165 231 1764 397">
     <span class='ocr_line' id='line_1_2' title="bbox 238 231 1764 284; baseline -0.001 -12"><span class='ocrx_word' id='word_1_3' title='bbox 238 236 391 272; x_wconf 83' lang='lat' dir='ltr'>Mensae</span> <span class='ocrx_word' id='word_1_4' title='bbox 407 235 529 271; x_wconf 81' lang='lat' dir='ltr'>illatus</span> <span class='ocrx_word' id='word_1_5' title='bbox 548 233 742 284; x_wconf 81' lang='lat' dir='ltr'>prehendit</span> <span class='ocrx_word' id='word_1_6' title='bbox 763 245 894 269; x_wconf 87' lang='lat' dir='ltr'>nucem</span> <span class='ocrx_word' id='word_1_7' title='bbox 919 245 1030 282; x_wconf 82' lang='lat' dir='ltr'>quam</span> <span class='ocrx_word' id='word_1_8' title='bbox 1047 246 1108 268; x_wconf 88' lang='lat' dir='ltr'>ore</span> <span class='ocrx_word' id='word_1_9' title='bbox 1128 243 1253 280; x_wconf 79' lang='lat' dir='ltr'>gerens</span> <span class='ocrx_word' id='word_1_10' title='bbox 1270 231 1490 280; x_wconf 76' lang='lat' dir='ltr'>properabat</span> <span class='ocrx_word' id='word_1_11' title='bbox 1510 234 1555 268; x_wconf 87' lang='lat' dir='ltr'>ad</span> <span class='ocrx_word' id='word_1_12' title='bbox 1576 235 1764 271; x_wconf 77' lang='lat' dir='ltr'>vasculum</span> 
     </span>
     <span class='ocr_line' id='line_1_3' title="bbox 165 289 1762 341; baseline 0.001 -14"><span class='ocrx_word' id='word_1_13' title='bbox 165 305 258 341; x_wconf 80' lang='lat' dir='ltr'>aqna</span> <span class='ocrx_word' id='word_1_14' title='bbox 278 293 429 341; x_wconf 87' lang='lat' dir='ltr'>plenum</span> <span class='ocrx_word' id='word_1_15' title='bbox 445 321 453 338; x_wconf 92' lang='lat'>,</span> <span class='ocrx_word' id='word_1_16' title='bbox 469 303 504 329; x_wconf 86' lang='lat' dir='ltr'>et</span> <span class='ocrx_word' id='word_1_17' title='bbox 523 293 612 329; x_wconf 91' lang='lat' dir='ltr'>dum</span> <span class='ocrx_word' id='word_1_18' title='bbox 625 306 702 328; x_wconf 88' lang='lat' dir='ltr'>nux</span> <span class='ocrx_word' id='word_1_19' title='bbox 716 292 770 327; x_wconf 88' lang='lat' dir='ltr'>illi</span> <span class='ocrx_word' id='word_1_20' title='bbox 789 290 996 335; x_wconf 75' lang='lat' dir='ltr'>innatabat,</span> <span class='ocrx_word' id='word_1_21' title='bbox 1022 290 1125 325; x_wconf 86' lang='lat' dir='ltr'>avide</span> <span class='ocrx_word' id='word_1_22' title='bbox 1145 289 1259 333; x_wconf 89' lang='lat' dir='ltr'>bibit;</span> <span class='ocrx_word' id='word_1_23' title='bbox 1286 289 1410 324; x_wconf 74' lang='lat' dir='ltr'>sedata</span> <span class='ocrx_word' id='word_1_24' title='bbox 1431 295 1509 334; x_wconf 85' lang='lat' dir='ltr'>siti,</span> <span class='ocrx_word' id='word_1_25' title='bbox 1536 304 1668 327; x_wconf 76' lang='lat' dir='ltr'>nucem</span> <span class='ocrx_word' id='word_1_26' title='bbox 1688 306 1762 328; x_wconf 79' lang='lat' dir='ltr'>rur-</span> 
     </span>
     <span class='ocr_line' id='line_1_4' title="bbox 165 349 455 397; baseline 0.007 -14"><span class='ocrx_word' id='word_1_27' title='bbox 165 361 222 384; x_wconf 87' lang='lat' dir='ltr'>sus</span> <span class='ocrx_word' id='word_1_28' title='bbox 248 349 455 397; x_wconf 75' lang='lat' dir='ltr'>prehendit.</span> 
     </span>
    </p>

    <p class='ocr_par' dir='ltr' id='par_1_3' title="bbox 165 401 1766 567">
     <span class='ocr_line' id='line_1_5' title="bbox 238 401 1766 447; baseline 0.001 -7"><span class='ocrx_word' id='word_1_29' title='bbox 238 406 480 442; x_wconf 86' lang='lat' dir='ltr'>Dedidicerat</span> <span class='ocrx_word' id='word_1_30' title='bbox 512 406 585 442; x_wconf 64' lang='lat' dir='ltr'>fere</span> <span class='ocrx_word' id='word_1_31' title='bbox 617 406 739 441; x_wconf 88' lang='lat' dir='ltr'>cibum</span> <span class='ocrx_word' id='word_1_32' title='bbox 762 402 1009 447; x_wconf 74' lang='lat' dir='ltr'><strong>abscondere,</strong></span> <span class='ocrx_word' id='word_1_33' title='bbox 1036 402 1164 438; x_wconf 81' lang='lat' dir='ltr'>saltem</span> <span class='ocrx_word' id='word_1_34' title='bbox 1185 401 1395 437; x_wconf 87' lang='lat' dir='ltr'>hominibus</span> <span class='ocrx_word' id='word_1_35' title='bbox 1423 402 1654 438; x_wconf 73' lang='lat' dir='ltr'>concredere.</span> <span class='ocrx_word' id='word_1_36' title='bbox 1691 405 1766 442; x_wconf 82' lang='lat' dir='ltr'>Sed</span> 
     </span>
     <span class='ocr_line' id='line_1_6' title="bbox 165 459 1766 509; baseline 0.001 -14"><span class='ocrx_word' id='word_1_37' title='bbox 165 474 252 496; x_wconf 83' lang='lat' dir='ltr'>ecce</span> <span class='ocrx_word' id='word_1_38' title='bbox 280 463 400 498; x_wconf 87' lang='lat' dir='ltr'>subito</span> <span class='ocrx_word' id='word_1_39' title='bbox 437 476 554 499; x_wconf 88' lang='lat' dir='ltr'>rursus</span> <span class='ocrx_word' id='word_1_40' title='bbox 589 463 624 497; x_wconf 93' lang='lat' dir='ltr'>d.</span> <span class='ocrx_word' id='word_1_41' title='bbox 654 462 699 496; x_wconf 86' lang='lat'>25</span> <span class='ocrx_word' id='word_1_42' title='bbox 727 471 762 496; x_wconf 87' lang='lat' dir='ltr'>et</span> <span class='ocrx_word' id='word_1_43' title='bbox 788 462 835 496; x_wconf 68' lang='lat'>20</span> <span class='ocrx_word' id='word_1_44' title='bbox 864 462 1039 495; x_wconf 86' lang='lat' dir='ltr'>Brumarii</span> <span class='ocrx_word' id='word_1_45' title='bbox 1068 460 1136 493; x_wconf 88' lang='lat' dir='ltr'>Ao.</span> <span class='ocrx_word' id='word_1_46' title='bbox 1164 462 1196 494; x_wconf 80' lang='lat'>8.</span> <span class='ocrx_word' id='word_1_47' title='bbox 1224 459 1367 507; x_wconf 82' lang='lat' dir='ltr'>(medio</span> <span class='ocrx_word' id='word_1_48' title='bbox 1397 459 1612 494; x_wconf 77' lang='lat' dir='ltr'>Novembris</span> <span class='ocrx_word' id='word_1_49' title='bbox 1645 462 1766 509; x_wconf 80' lang='lat'>1800.)</span> 
     </span>
     <span class='ocr_line' id='line_1_7' title="bbox 165 516 1578 567; baseline -0.001 -14"><span class='ocrx_word' id='word_1_50' title='bbox 165 525 321 567; x_wconf 78' lang='lat' dir='ltr'>primam</span> <span class='ocrx_word' id='word_1_51' title='bbox 342 532 473 554; x_wconf 87' lang='lat' dir='ltr'>nucem</span> <span class='ocrx_word' id='word_1_52' title='bbox 492 525 530 552; x_wconf 89' lang='lat' dir='ltr'>in</span> <span class='ocrx_word' id='word_1_53' title='bbox 551 517 708 552; x_wconf 81' lang='lat' dir='ltr'><strong>crinibus</strong></span> <span class='ocrx_word' id='word_1_54' title='bbox 731 521 819 551; x_wconf 82' lang='lat' dir='ltr'>meis</span> <span class='ocrx_word' id='word_1_55' title='bbox 845 516 1006 560; x_wconf 77' lang='lat' dir='ltr'><strong>defodit,</strong></span> <span class='ocrx_word' id='word_1_56' title='bbox 1033 526 1068 551; x_wconf 86' lang='lat' dir='ltr'>et</span> <span class='ocrx_word' id='word_1_57' title='bbox 1091 516 1243 551; x_wconf 87' lang='lat' dir='ltr'>alteram</span> <span class='ocrx_word' id='word_1_58' title='bbox 1264 517 1412 550; x_wconf 85' lang='lat' dir='ltr'>demum</span> <span class='ocrx_word' id='word_1_59' title='bbox 1433 522 1578 551; x_wconf 85' lang='lat' dir='ltr'>voravit.</span> 
     </span>
    </p>

    <p class='ocr_par' dir='ltr' id='par_1_4' title="bbox 166 572 1770 734">
     <span class='ocr_line' id='line_1_8' title="bbox 240 572 1770 623; baseline 0 -14"><span class='ocrx_word' id='word_1_60' title='bbox 240 577 355 610; x_wconf 85' lang='lat' dir='ltr'>Poma</span> <span class='ocrx_word' id='word_1_61' title='bbox 379 575 527 622; x_wconf 85' lang='lat' dir='ltr'>quidem</span> <span class='ocrx_word' id='word_1_62' title='bbox 550 579 688 621; x_wconf 77' lang='lat' dir='ltr'>integra</span> <span class='ocrx_word' id='word_1_63' title='bbox 707 573 935 617; x_wconf 80' lang='lat' dir='ltr'>decorticat,</span> <span class='ocrx_word' id='word_1_64' title='bbox 961 573 1024 607; x_wconf 88' lang='lat' dir='ltr'>sed</span> <span class='ocrx_word' id='word_1_65' title='bbox 1043 572 1234 620; x_wconf 78' lang='lat' dir='ltr'>juglandes</span> <span class='ocrx_word' id='word_1_66' title='bbox 1256 573 1368 607; x_wconf 86' lang='lat' dir='ltr'>modo</span> <span class='ocrx_word' id='word_1_67' title='bbox 1389 573 1570 617; x_wconf 84' lang='lat' dir='ltr'>dimidias,</span> <span class='ocrx_word' id='word_1_68' title='bbox 1595 584 1631 609; x_wconf 86' lang='lat' dir='ltr'>et</span> <span class='ocrx_word' id='word_1_69' title='bbox 1650 580 1770 623; x_wconf 81' lang='lat' dir='ltr'>priore</span> 
     </span>
     <span class='ocr_line' id='line_1_9' title="bbox 167 629 1770 679; baseline 0.001 -14"><span class='ocrx_word' id='word_1_70' title='bbox 167 631 317 666; x_wconf 84' lang='lat' dir='ltr'>dimidia</span> <span class='ocrx_word' id='word_1_71' title='bbox 329 640 430 679; x_wconf 89' lang='lat' dir='ltr'>parte</span> <span class='ocrx_word' id='word_1_72' title='bbox 449 641 592 676; x_wconf 88' lang='lat' dir='ltr'>vorata,</span> <span class='ocrx_word' id='word_1_73' title='bbox 619 630 772 666; x_wconf 68' lang='lat' dir='ltr'>alteram</span> <span class='ocrx_word' id='word_1_74' title='bbox 789 640 959 675; x_wconf 78' lang='lat' dir='ltr'>excavat,</span> <span class='ocrx_word' id='word_1_75' title='bbox 986 639 1049 665; x_wconf 87' lang='lat' dir='ltr'>aut</span> <span class='ocrx_word' id='word_1_76' title='bbox 1065 629 1216 665; x_wconf 80' lang='lat' dir='ltr'>tandem</span> <span class='ocrx_word' id='word_1_77' title='bbox 1231 635 1341 665; x_wconf 88' lang='lat' dir='ltr'>etiam</span> <span class='ocrx_word' id='word_1_78' title='bbox 1354 635 1459 665; x_wconf 86' lang='lat' dir='ltr'>istam</span> <span class='ocrx_word' id='word_1_79' title='bbox 1474 635 1616 665; x_wconf 85' lang='lat' dir='ltr'>corticis</span> <span class='ocrx_word' id='word_1_80' title='bbox 1628 641 1770 678; x_wconf 86' lang='lat' dir='ltr'>partem</span> 
     </span>
     <span class='ocr_line' id='line_1_10' title="bbox 166 686 340 734; baseline -0.006 -13"><span class='ocrx_word' id='word_1_81' title='bbox 166 686 340 734; x_wconf 79' lang='lat' dir='ltr'>deglubit.</span> 
     </span>
    </p>

    <p class='ocr_par' dir='ltr' id='par_1_5' title="bbox 165 742 1774 1017">
     <span class='ocr_line' id='line_1_11' title="bbox 237 742 1771 791; baseline 0.002 -14"><span class='ocrx_word' id='word_1_82' title='bbox 237 743 453 791; x_wconf 75' lang='lat' dir='ltr'>Aliquando</span> <span class='ocrx_word' id='word_1_83' title='bbox 474 749 511 779; x_wconf 90' lang='lat' dir='ltr'>in</span> <span class='ocrx_word' id='word_1_84' title='bbox 533 757 638 779; x_wconf 86' lang='lat' dir='ltr'>caseo</span> <span class='ocrx_word' id='word_1_85' title='bbox 662 744 849 789; x_wconf 87' lang='lat' dir='ltr'>molliori,</span> <span class='ocrx_word' id='word_1_86' title='bbox 888 749 941 779; x_wconf 87' lang='lat' dir='ltr'>uti</span> <span class='ocrx_word' id='word_1_87' title='bbox 965 742 1053 778; x_wconf 89' lang='lat' dir='ltr'>alias</span> <span class='ocrx_word' id='word_1_88' title='bbox 1072 748 1108 777; x_wconf 88' lang='lat' dir='ltr'>in</span> <span class='ocrx_word' id='word_1_89' title='bbox 1137 742 1212 778; x_wconf 87' lang='lat' dir='ltr'>olla</span> <span class='ocrx_word' id='word_1_90' title='bbox 1235 753 1328 778; x_wconf 87' lang='lat' dir='ltr'>terra</span> <span class='ocrx_word' id='word_1_91' title='bbox 1357 743 1495 791; x_wconf 85' lang='lat' dir='ltr'>repleta</span> <span class='ocrx_word' id='word_1_92' title='bbox 1513 770 1521 786; x_wconf 88' lang='lat'>,</span> <span class='ocrx_word' id='word_1_93' title='bbox 1547 755 1680 778; x_wconf 87' lang='lat' dir='ltr'>nucem</span> <span class='ocrx_word' id='word_1_94' title='bbox 1707 744 1771 780; x_wconf 85' lang='lat' dir='ltr'>de-</span> 
     </span>
     <span class='ocr_line' id='line_1_12' title="bbox 166 799 1773 850; baseline 0.002 -17"><span class='ocrx_word' id='word_1_95' title='bbox 166 799 294 834; x_wconf 78' lang='lat' dir='ltr'>fodere</span> <span class='ocrx_word' id='word_1_96' title='bbox 314 800 553 845; x_wconf 88' lang='lat' dir='ltr'>allaboravit,</span> <span class='ocrx_word' id='word_1_97' title='bbox 579 815 600 836; x_wconf 85' lang='lat' dir='ltr'>a</span> <span class='ocrx_word' id='word_1_98' title='bbox 614 814 688 850; x_wconf 89' lang='lat' dir='ltr'>quo</span> <span class='ocrx_word' id='word_1_99' title='bbox 706 815 819 850; x_wconf 90' lang='lat' dir='ltr'>quum</span> <span class='ocrx_word' id='word_1_100' title='bbox 833 801 1087 849; x_wconf 73' lang='lat' dir='ltr'>impediretur,</span> <span class='ocrx_word' id='word_1_101' title='bbox 1102 812 1189 834; x_wconf 90' lang='lat' dir='ltr'>mox</span> <span class='ocrx_word' id='word_1_102' title='bbox 1205 801 1315 848; x_wconf 89' lang='lat' dir='ltr'>pedes</span> <span class='ocrx_word' id='word_1_103' title='bbox 1335 800 1455 835; x_wconf 89' lang='lat' dir='ltr'>adhuc</span> <span class='ocrx_word' id='word_1_104' title='bbox 1475 812 1580 834; x_wconf 77' lang='lat' dir='ltr'>caseo</span> <span class='ocrx_word' id='word_1_105' title='bbox 1596 814 1773 850; x_wconf 85' lang='lat' dir='ltr'>conspur-</span> 
     </span>
     <span class='ocr_line' id='line_1_13' title="bbox 166 856 1772 905; baseline 0.001 -14"><span class='ocrx_word' id='word_1_106' title='bbox 166 867 267 891; x_wconf 81' lang='lat' dir='ltr'>catos</span> <span class='ocrx_word' id='word_1_107' title='bbox 289 862 328 891; x_wconf 89' lang='lat' dir='ltr'>in</span> <span class='ocrx_word' id='word_1_108' title='bbox 358 856 485 892; x_wconf 88' lang='lat' dir='ltr'>collari</span> <span class='ocrx_word' id='word_1_109' title='bbox 519 870 603 892; x_wconf 86' lang='lat' dir='ltr'>meo</span> <span class='ocrx_word' id='word_1_110' title='bbox 636 858 863 893; x_wconf 81' lang='lat' dir='ltr'>abscondere</span> <span class='ocrx_word' id='word_1_111' title='bbox 884 862 1066 902; x_wconf 87' lang='lat' dir='ltr'>tentavit,</span> <span class='ocrx_word' id='word_1_112' title='bbox 1100 870 1205 905; x_wconf 83' lang='lat' dir='ltr'>aegre</span> <span class='ocrx_word' id='word_1_113' title='bbox 1236 867 1378 892; x_wconf 89' lang='lat' dir='ltr'>tantum</span> <span class='ocrx_word' id='word_1_114' title='bbox 1407 856 1564 891; x_wconf 86' lang='lat' dir='ltr'>abactus.</span> <span class='ocrx_word' id='word_1_115' title='bbox 1600 858 1686 892; x_wconf 84' lang='lat' dir='ltr'>Alio</span> <span class='ocrx_word' id='word_1_116' title='bbox 1713 859 1772 893; x_wconf 83' lang='lat' dir='ltr'>die</span> 
     </span>
     <span class='ocr_line' id='line_1_14' title="bbox 166 912 1774 962; baseline 0.001 -15"><span class='ocrx_word' id='word_1_117' title='bbox 166 918 270 947; x_wconf 87' lang='lat' dir='ltr'>omni</span> <span class='ocrx_word' id='word_1_118' title='bbox 300 913 384 948; x_wconf 88' lang='lat' dir='ltr'>data</span> <span class='ocrx_word' id='word_1_119' title='bbox 408 926 519 961; x_wconf 90' lang='lat' dir='ltr'>opera</span> <span class='ocrx_word' id='word_1_120' title='bbox 547 920 586 949; x_wconf 89' lang='lat' dir='ltr'>in</span> <span class='ocrx_word' id='word_1_121' title='bbox 617 927 698 949; x_wconf 88' lang='lat' dir='ltr'>vase</span> <span class='ocrx_word' id='word_1_122' title='bbox 727 921 912 962; x_wconf 83' lang='lat' dir='ltr'>gutturnio</span> <span class='ocrx_word' id='word_1_123' title='bbox 944 919 1132 961; x_wconf 86' lang='lat' dir='ltr'>supposito</span> <span class='ocrx_word' id='word_1_124' title='bbox 1162 913 1393 962; x_wconf 88' lang='lat' dir='ltr'>aliquantum</span> <span class='ocrx_word' id='word_1_125' title='bbox 1420 925 1514 961; x_wconf 89' lang='lat' dir='ltr'>aqua</span> <span class='ocrx_word' id='word_1_126' title='bbox 1542 912 1655 960; x_wconf 90' lang='lat' dir='ltr'>pleno</span> <span class='ocrx_word' id='word_1_127' title='bbox 1688 926 1774 949; x_wconf 87' lang='lat' dir='ltr'>cum</span> 
     </span>
     <span class='ocr_line' id='line_1_15' title="bbox 165 969 1176 1017; baseline 0 -13"><span class='ocrx_word' id='word_1_128' title='bbox 165 969 368 1017; x_wconf 72' lang='lat' dir='ltr'>quisquiliis</span> <span class='ocrx_word' id='word_1_129' title='bbox 393 981 438 1004; x_wconf 86' lang='lat' dir='ltr'>ex</span> <span class='ocrx_word' id='word_1_130' title='bbox 461 970 586 1004; x_wconf 85' lang='lat' dir='ltr'>charta</span> <span class='ocrx_word' id='word_1_131' title='bbox 610 977 781 1005; x_wconf 87' lang='lat' dir='ltr'>ramentis</span> <span class='ocrx_word' id='word_1_132' title='bbox 805 970 1031 1005; x_wconf 81' lang='lat' dir='ltr'>abscondere</span> <span class='ocrx_word' id='word_1_133' title='bbox 1049 969 1176 1004; x_wconf 78' lang='lat' dir='ltr'>voluit.</span> 
     </span>
    </p>

    <p class='ocr_par' dir='ltr' id='par_1_6' title="bbox 166 1024 1775 1186">
     <span class='ocr_line' id='line_1_16' title="bbox 238 1024 1775 1075; baseline 0.001 -17"><span class='ocrx_word' id='word_1_134' title='bbox 238 1026 295 1059; x_wconf 85' lang='lat' dir='ltr'>Ne</span> <span class='ocrx_word' id='word_1_135' title='bbox 314 1024 578 1071; x_wconf 86' lang='lat' dir='ltr'>absconderet,</span> <span class='ocrx_word' id='word_1_136' title='bbox 594 1039 666 1075; x_wconf 90' lang='lat' dir='ltr'>qua</span> <span class='ocrx_word' id='word_1_137' title='bbox 686 1039 724 1061; x_wconf 89' lang='lat' dir='ltr'>re</span> <span class='ocrx_word' id='word_1_138' title='bbox 738 1039 846 1075; x_wconf 82' lang='lat' dir='ltr'>saepe</span> <span class='ocrx_word' id='word_1_139' title='bbox 862 1025 1122 1061; x_wconf 88' lang='lat' dir='ltr'>incommodus</span> <span class='ocrx_word' id='word_1_140' title='bbox 1142 1034 1219 1060; x_wconf 87' lang='lat' dir='ltr'>erat</span> <span class='ocrx_word' id='word_1_141' title='bbox 1231 1052 1239 1068; x_wconf 91' lang='lat'>,</span> <span class='ocrx_word' id='word_1_142' title='bbox 1254 1024 1421 1075; x_wconf 75' lang='lat' dir='ltr'>solebam</span> <span class='ocrx_word' id='word_1_143' title='bbox 1437 1024 1643 1059; x_wconf 86' lang='lat' dir='ltr'>dimidiatas</span> <span class='ocrx_word' id='word_1_144' title='bbox 1662 1036 1775 1060; x_wconf 88' lang='lat' dir='ltr'>nuces</span> 
     </span>
     <span class='ocr_line' id='line_1_17' title="bbox 166 1080 1775 1131; baseline 0 -16"><span class='ocrx_word' id='word_1_145' title='bbox 166 1080 343 1128; x_wconf 86' lang='lat' dir='ltr'>objicere,</span> <span class='ocrx_word' id='word_1_146' title='bbox 381 1094 469 1129; x_wconf 89' lang='lat' dir='ltr'>quas</span> <span class='ocrx_word' id='word_1_147' title='bbox 502 1095 693 1131; x_wconf 89' lang='lat' dir='ltr'>nunquam</span> <span class='ocrx_word' id='word_1_148' title='bbox 722 1082 984 1126; x_wconf 83' lang='lat' dir='ltr'>abscondidit3</span> <span class='ocrx_word' id='word_1_149' title='bbox 1023 1092 1061 1117; x_wconf 89' lang='lat' dir='ltr'>at</span> <span class='ocrx_word' id='word_1_150' title='bbox 1088 1081 1151 1117; x_wconf 85' lang='lat' dir='ltr'>ille</span> <span class='ocrx_word' id='word_1_151' title='bbox 1182 1082 1401 1129; x_wconf 86' lang='lat' dir='ltr'>plerumque</span> <span class='ocrx_word' id='word_1_152' title='bbox 1426 1087 1585 1129; x_wconf 81' lang='lat' dir='ltr'>integras</span> <span class='ocrx_word' id='word_1_153' title='bbox 1614 1087 1775 1129; x_wconf 87' lang='lat' dir='ltr'>primum</span> 
     </span>
     <span class='ocr_line' id='line_1_18' title="bbox 166 1137 890 1186; baseline 0.004 -15"><span class='ocrx_word' id='word_1_154' title='bbox 166 1143 318 1186; x_wconf 83' lang='lat' dir='ltr'>appetiit</span> <span class='ocrx_word' id='word_1_155' title='bbox 338 1137 561 1185; x_wconf 85' lang='lat' dir='ltr'>abstulitque</span> <span class='ocrx_word' id='word_1_156' title='bbox 580 1148 621 1172; x_wconf 88' lang='lat' dir='ltr'>ut</span> <span class='ocrx_word' id='word_1_157' title='bbox 639 1138 890 1175; x_wconf 81' lang='lat' dir='ltr'>absconderet.</span> 
     </span>
    </p>

    <p class='ocr_par' dir='ltr' id='par_1_7' title="bbox 167 1192 1777 1341">
     <span class='ocr_line' id='line_1_19' title="bbox 240 1192 1775 1242; baseline -0.001 -14"><span class='ocrx_word' id='word_1_158' title='bbox 240 1195 434 1241; x_wconf 88' lang='lat' dir='ltr'>Proposita</span> <span class='ocrx_word' id='word_1_159' title='bbox 468 1200 669 1242; x_wconf 84' lang='lat' dir='ltr'>specimina</span> <span class='ocrx_word' id='word_1_160' title='bbox 702 1195 863 1242; x_wconf 84' lang='lat' dir='ltr'>vulgaria</span> <span class='ocrx_word' id='word_1_161' title='bbox 895 1195 945 1230; x_wconf 89' lang='lat' dir='ltr'>ad</span> <span class='ocrx_word' id='word_1_162' title='bbox 975 1200 1140 1228; x_wconf 89' lang='lat' dir='ltr'>vivorum</span> <span class='ocrx_word' id='word_1_163' title='bbox 1172 1199 1331 1240; x_wconf 88' lang='lat' dir='ltr'>speciem</span> <span class='ocrx_word' id='word_1_164' title='bbox 1368 1193 1481 1237; x_wconf 86' lang='lat' dir='ltr'>farta,</span> <span class='ocrx_word' id='word_1_165' title='bbox 1521 1193 1626 1227; x_wconf 89' lang='lat' dir='ltr'>nullo</span> <span class='ocrx_word' id='word_1_166' title='bbox 1659 1192 1775 1226; x_wconf 90' lang='lat' dir='ltr'>modo</span> 
     </span>
     <span class='ocr_line' id='line_1_20' title="bbox 167 1247 1777 1298; baseline -0.001 -14"><span class='ocrx_word' id='word_1_167' title='bbox 167 1255 306 1284; x_wconf 87' lang='lat' dir='ltr'>curavit</span> <span class='ocrx_word' id='word_1_168' title='bbox 325 1277 333 1294; x_wconf 93' lang='lat'>‚</span> <span class='ocrx_word' id='word_1_169' title='bbox 364 1259 405 1284; x_wconf 86' lang='lat' dir='ltr'>ut</span> <span class='ocrx_word' id='word_1_170' title='bbox 435 1262 482 1283; x_wconf 87' lang='lat' dir='ltr'>ne</span> <span class='ocrx_word' id='word_1_171' title='bbox 505 1250 710 1298; x_wconf 84' lang='lat' dir='ltr'>adspiceret</span> <span class='ocrx_word' id='word_1_172' title='bbox 731 1251 891 1297; x_wconf 83' lang='lat' dir='ltr'>quidem.</span> <span class='ocrx_word' id='word_1_173' title='bbox 919 1251 1109 1296; x_wconf 88' lang='lat' dir='ltr'>Propriam</span> <span class='ocrx_word' id='word_1_174' title='bbox 1127 1254 1327 1294; x_wconf 78' lang='lat' dir='ltr'>imaginem</span> <span class='ocrx_word' id='word_1_175' title='bbox 1345 1253 1384 1281; x_wconf 88' lang='lat' dir='ltr'>in</span> <span class='ocrx_word' id='word_1_176' title='bbox 1410 1247 1560 1295; x_wconf 84' lang='lat' dir='ltr'>speculo</span> <span class='ocrx_word' id='word_1_177' title='bbox 1585 1260 1777 1295; x_wconf 87' lang='lat' dir='ltr'>nunquam</span> 
     </span>
     <span class='ocr_line' id='line_1_21' title="bbox 169 1311 318 1341; baseline 0 0"><span class='ocrx_word' id='word_1_178' title='bbox 169 1311 318 1341; x_wconf 82' lang='lat' dir='ltr'>curavit.</span> 
     </span>
    </p>

    <p class='ocr_par' dir='ltr' id='par_1_8' title="bbox 239 1357 1775 1405">
     <span class='ocr_line' id='line_1_22' title="bbox 239 1357 1775 1405; baseline -0.001 -11"><span class='ocrx_word' id='word_1_179' title='bbox 239 1360 379 1395; x_wconf 88' lang='lat' dir='ltr'>Abietis</span> <span class='ocrx_word' id='word_1_180' title='bbox 406 1370 526 1392; x_wconf 89' lang='lat' dir='ltr'>ramos</span> <span class='ocrx_word' id='word_1_181' title='bbox 553 1370 646 1405; x_wconf 89' lang='lat' dir='ltr'>quos</span> <span class='ocrx_word' id='word_1_182' title='bbox 675 1365 749 1392; x_wconf 87' lang='lat' dir='ltr'>mei</span> <span class='ocrx_word' id='word_1_183' title='bbox 779 1359 871 1391; x_wconf 87' lang='lat' dir='ltr'>olim</span> <span class='ocrx_word' id='word_1_184' title='bbox 903 1359 997 1391; x_wconf 85' lang='lat' dir='ltr'>adeo</span> <span class='ocrx_word' id='word_1_185' title='bbox 1021 1366 1229 1391; x_wconf 87' lang='lat' dir='ltr'>amaverant</span> <span class='ocrx_word' id='word_1_186' title='bbox 1258 1358 1304 1391; x_wconf 88' lang='lat' dir='ltr'>de</span> <span class='ocrx_word' id='word_1_187' title='bbox 1329 1357 1469 1404; x_wconf 83' lang='lat' dir='ltr'>vulgari</span> <span class='ocrx_word' id='word_1_188' title='bbox 1497 1364 1618 1405; x_wconf 86' lang='lat' dir='ltr'>specie</span> <span class='ocrx_word' id='word_1_189' title='bbox 1646 1364 1775 1405; x_wconf 91' lang='lat' dir='ltr'>sciuri,</span> 
     </span>
    </p>
   </div>
   <div class='ocr_carea' id='block_1_3' title="bbox 167 1420 1778 2298">
    <p class='ocr_par' dir='ltr' id='par_1_9' title="bbox 167 1420 395 1462">
     <span class='ocr_line' id='line_1_23' title="bbox 167 1420 395 1462; baseline -0.013 -10"><span class='ocrx_word' id='word_1_190' title='bbox 167 1429 246 1452; x_wconf 89' lang='lat' dir='ltr'>non</span> <span class='ocrx_word' id='word_1_191' title='bbox 266 1420 395 1462; x_wconf 80' lang='lat' dir='ltr'>tetigit.</span> 
     </span>
    </p>

    <p class='ocr_par' dir='ltr' id='par_1_10' title="bbox 168 1470 1778 1745">
     <span class='ocr_line' id='line_1_24' title="bbox 240 1470 1776 1520; baseline -0.001 -13"><span class='ocrx_word' id='word_1_192' title='bbox 240 1474 344 1508; x_wconf 90' lang='lat' dir='ltr'>Dum</span> <span class='ocrx_word' id='word_1_193' title='bbox 360 1477 398 1506; x_wconf 88' lang='lat' dir='ltr'>in</span> <span class='ocrx_word' id='word_1_194' title='bbox 422 1471 505 1506; x_wconf 89' lang='lat' dir='ltr'>cibo</span> <span class='ocrx_word' id='word_1_195' title='bbox 527 1471 705 1519; x_wconf 88' lang='lat' dir='ltr'>capiendo</span> <span class='ocrx_word' id='word_1_196' title='bbox 727 1481 926 1520; x_wconf 88' lang='lat' dir='ltr'>occupatus</span> <span class='ocrx_word' id='word_1_197' title='bbox 947 1480 1038 1506; x_wconf 87' lang='lat' dir='ltr'>esset</span> <span class='ocrx_word' id='word_1_198' title='bbox 1052 1499 1060 1514; x_wconf 94' lang='lat'>,</span> <span class='ocrx_word' id='word_1_199' title='bbox 1097 1475 1253 1518; x_wconf 89' lang='lat' dir='ltr'>opposui</span> <span class='ocrx_word' id='word_1_200' title='bbox 1271 1470 1325 1506; x_wconf 85' lang='lat' dir='ltr'>illi</span> <span class='ocrx_word' id='word_1_201' title='bbox 1343 1499 1351 1515; x_wconf 91' lang='lat'>,</span> <span class='ocrx_word' id='word_1_202' title='bbox 1378 1482 1527 1505; x_wconf 86' lang='lat' dir='ltr'>mensae</span> <span class='ocrx_word' id='word_1_203' title='bbox 1546 1471 1714 1506; x_wconf 86' lang='lat' dir='ltr'>adsidens</span> <span class='ocrx_word' id='word_1_204' title='bbox 1737 1477 1776 1506; x_wconf 84' lang='lat' dir='ltr'>in</span> 
     </span>
     <span class='ocr_line' id='line_1_25' title="bbox 168 1527 1776 1578; baseline -0.001 -13"><span class='ocrx_word' id='word_1_205' title='bbox 168 1542 241 1578; x_wconf 90' lang='lat' dir='ltr'>qua</span> <span class='ocrx_word' id='word_1_206' title='bbox 261 1534 371 1564; x_wconf 89' lang='lat' dir='ltr'>etiam</span> <span class='ocrx_word' id='word_1_207' title='bbox 395 1534 530 1563; x_wconf 87' lang='lat' dir='ltr'>sciurus</span> <span class='ocrx_word' id='word_1_208' title='bbox 550 1528 699 1563; x_wconf 88' lang='lat' dir='ltr'>sedebat</span> <span class='ocrx_word' id='word_1_209' title='bbox 715 1555 724 1573; x_wconf 89' lang='lat'>‚</span> <span class='ocrx_word' id='word_1_210' title='bbox 751 1527 955 1563; x_wconf 88' lang='lat' dir='ltr'>caniculam</span> <span class='ocrx_word' id='word_1_211' title='bbox 976 1540 1118 1572; x_wconf 86' lang='lat' dir='ltr'>meam,</span> <span class='ocrx_word' id='word_1_212' title='bbox 1145 1540 1256 1575; x_wconf 87' lang='lat' dir='ltr'>quam</span> <span class='ocrx_word' id='word_1_213' title='bbox 1280 1527 1448 1562; x_wconf 87' lang='lat' dir='ltr'>manibus</span> <span class='ocrx_word' id='word_1_214' title='bbox 1471 1534 1648 1563; x_wconf 86' lang='lat' dir='ltr'>continui.</span> <span class='ocrx_word' id='word_1_215' title='bbox 1675 1531 1776 1564; x_wconf 87' lang='lat' dir='ltr'>Haec</span> 
     </span>
     <span class='ocr_line' id='line_1_26' title="bbox 169 1583 1777 1633; baseline -0.002 -11"><span class='ocrx_word' id='word_1_216' title='bbox 169 1591 275 1622; x_wconf 87' lang='lat' dir='ltr'>sciuri</span> <span class='ocrx_word' id='word_1_217' title='bbox 295 1585 427 1619; x_wconf 79' lang='lat' dir='ltr'>faciem</span> <span class='ocrx_word' id='word_1_218' title='bbox 454 1584 604 1629; x_wconf 73' lang='lat' dir='ltr'>offecit,</span> <span class='ocrx_word' id='word_1_219' title='bbox 644 1590 720 1620; x_wconf 90' lang='lat' dir='ltr'>imo</span> <span class='ocrx_word' id='word_1_220' title='bbox 750 1584 889 1633; x_wconf 80' lang='lat' dir='ltr'>lingere</span> <span class='ocrx_word' id='word_1_221' title='bbox 910 1589 1061 1632; x_wconf 85' lang='lat' dir='ltr'>coepit3</span> <span class='ocrx_word' id='word_1_222' title='bbox 1097 1593 1133 1618; x_wconf 86' lang='lat' dir='ltr'>at</span> <span class='ocrx_word' id='word_1_223' title='bbox 1160 1583 1224 1618; x_wconf 86' lang='lat' dir='ltr'>ille</span> <span class='ocrx_word' id='word_1_224' title='bbox 1248 1590 1303 1618; x_wconf 90' lang='lat' dir='ltr'>sui</span> <span class='ocrx_word' id='word_1_225' title='bbox 1333 1596 1478 1618; x_wconf 86' lang='lat' dir='ltr'>securus</span> <span class='ocrx_word' id='word_1_226' title='bbox 1504 1596 1631 1619; x_wconf 84' lang='lat' dir='ltr'>vorare</span> <span class='ocrx_word' id='word_1_227' title='bbox 1659 1591 1777 1621; x_wconf 79' lang='lat' dir='ltr'>conti-</span> 
     </span>
     <span class='ocr_line' id='line_1_27' title="bbox 168 1640 1778 1690; baseline -0.001 -12"><span class='ocrx_word' id='word_1_228' title='bbox 168 1647 294 1679; x_wconf 88' lang='lat' dir='ltr'>nuavit</span> <span class='ocrx_word' id='word_1_229' title='bbox 313 1669 322 1686; x_wconf 90' lang='lat'>,</span> <span class='ocrx_word' id='word_1_230' title='bbox 361 1641 477 1676; x_wconf 91' lang='lat' dir='ltr'>oculis</span> <span class='ocrx_word' id='word_1_231' title='bbox 504 1651 649 1676; x_wconf 86' lang='lat' dir='ltr'>tantum</span> <span class='ocrx_word' id='word_1_232' title='bbox 683 1647 874 1687; x_wconf 88' lang='lat' dir='ltr'>nictitans,</span> <span class='ocrx_word' id='word_1_233' title='bbox 911 1651 974 1676; x_wconf 87' lang='lat' dir='ltr'>aut</span> <span class='ocrx_word' id='word_1_234' title='bbox 1009 1650 1046 1674; x_wconf 84' lang='lat' dir='ltr'>et</span> <span class='ocrx_word' id='word_1_235' title='bbox 1079 1640 1320 1687; x_wconf 80' lang='lat' dir='ltr'>subgrunnire</span> <span class='ocrx_word' id='word_1_236' title='bbox 1350 1646 1528 1690; x_wconf 82' lang='lat' dir='ltr'>incipiens</span> <span class='ocrx_word' id='word_1_237' title='bbox 1545 1654 1552 1676; x_wconf 91' lang='lat'>:</span> <span class='ocrx_word' id='word_1_238' title='bbox 1589 1642 1778 1677; x_wconf 88' lang='lat' dir='ltr'>caniculae</span> 
     </span>
     <span class='ocr_line' id='line_1_28' title="bbox 168 1698 732 1745; baseline -0.005 -10"><span class='ocrx_word' id='word_1_239' title='bbox 168 1703 367 1736; x_wconf 85' lang='lat' dir='ltr'>successive</span> <span class='ocrx_word' id='word_1_240' title='bbox 392 1710 537 1745; x_wconf 87' lang='lat' dir='ltr'>prorsus</span> <span class='ocrx_word' id='word_1_241' title='bbox 558 1698 732 1732; x_wconf 87' lang='lat' dir='ltr'>adsuevit.</span> 
     </span>
    </p>

    <p class='ocr_par' dir='ltr' id='par_1_11' title="bbox 168 1751 1777 1858">
     <span class='ocr_line' id='line_1_29' title="bbox 242 1751 1777 1800; baseline 0 -11"><span class='ocrx_word' id='word_1_242' title='bbox 242 1757 337 1789; x_wconf 91' lang='lat' dir='ltr'>Cum</span> <span class='ocrx_word' id='word_1_243' title='bbox 350 1753 491 1788; x_wconf 87' lang='lat' dir='ltr'>duabus</span> <span class='ocrx_word' id='word_1_244' title='bbox 503 1759 594 1788; x_wconf 89' lang='lat' dir='ltr'>meis</span> <span class='ocrx_word' id='word_1_245' title='bbox 620 1753 795 1788; x_wconf 88' lang='lat' dir='ltr'>caniculis</span> <span class='ocrx_word' id='word_1_246' title='bbox 809 1764 1080 1800; x_wconf 86' lang='lat' dir='ltr'>nonnunquam</span> <span class='ocrx_word' id='word_1_247' title='bbox 1095 1751 1265 1788; x_wconf 85' lang='lat' dir='ltr'>lubenter</span> <span class='ocrx_word' id='word_1_248' title='bbox 1284 1752 1446 1799; x_wconf 82' lang='lat' dir='ltr'>lusisset,</span> <span class='ocrx_word' id='word_1_249' title='bbox 1467 1759 1496 1788; x_wconf 87' lang='lat' dir='ltr'>si</span> <span class='ocrx_word' id='word_1_250' title='bbox 1522 1759 1611 1790; x_wconf 86' lang='lat' dir='ltr'>istae</span> <span class='ocrx_word' id='word_1_251' title='bbox 1640 1754 1777 1791; x_wconf 89' lang='lat' dir='ltr'>voluis-</span> 
     </span>
     <span class='ocr_line' id='line_1_30' title="bbox 168 1809 794 1858; baseline -0.005 -10"><span class='ocrx_word' id='word_1_252' title='bbox 168 1821 274 1856; x_wconf 85' lang='lat' dir='ltr'>sent,</span> <span class='ocrx_word' id='word_1_253' title='bbox 303 1822 424 1858; x_wconf 86' lang='lat' dir='ltr'>neque</span> <span class='ocrx_word' id='word_1_254' title='bbox 449 1809 794 1845; x_wconf 83' lang='lat' dir='ltr'>obmurmurassent.</span> 
     </span>
    </p>

    <p class='ocr_par' dir='ltr' id='par_1_12' title="bbox 169 1866 1777 2086">
     <span class='ocr_line' id='line_1_31' title="bbox 240 1866 1776 1916; baseline -0.001 -13"><span class='ocrx_word' id='word_1_255' title='bbox 240 1867 421 1916; x_wconf 87' lang='lat' dir='ltr'>Lepidum</span> <span class='ocrx_word' id='word_1_256' title='bbox 439 1877 565 1902; x_wconf 86' lang='lat' dir='ltr'>tamen</span> <span class='ocrx_word' id='word_1_257' title='bbox 584 1877 660 1903; x_wconf 88' lang='lat' dir='ltr'>erat</span> <span class='ocrx_word' id='word_1_258' title='bbox 679 1867 816 1911; x_wconf 86' lang='lat' dir='ltr'>videre,</span> <span class='ocrx_word' id='word_1_259' title='bbox 837 1879 909 1915; x_wconf 89' lang='lat' dir='ltr'>qua</span> <span class='ocrx_word' id='word_1_260' title='bbox 924 1871 1066 1901; x_wconf 82' lang='lat' dir='ltr'>ratione</span> <span class='ocrx_word' id='word_1_261' title='bbox 1082 1866 1306 1915; x_wconf 83' lang='lat' dir='ltr'>quandoque</span> <span class='ocrx_word' id='word_1_262' title='bbox 1326 1867 1490 1902; x_wconf 86' lang='lat' dir='ltr'>canicula</span> <span class='ocrx_word' id='word_1_263' title='bbox 1508 1873 1606 1902; x_wconf 90' lang='lat' dir='ltr'>miris</span> <span class='ocrx_word' id='word_1_264' title='bbox 1627 1867 1776 1903; x_wconf 79' lang='lat' dir='ltr'>saltibus</span> 
     </span>
     <span class='ocr_line' id='line_1_32' title="bbox 172 1923 1776 1974; baseline -0.002 -12"><span class='ocrx_word' id='word_1_265' title='bbox 172 1923 343 1974; x_wconf 87' lang='lat' dir='ltr'>cupiebat</span> <span class='ocrx_word' id='word_1_266' title='bbox 361 1929 519 1958; x_wconf 69' lang='lat' dir='ltr'>sciui-um</span> <span class='ocrx_word' id='word_1_267' title='bbox 533 1930 708 1972; x_wconf 83' lang='lat' dir='ltr'>attingere</span> <span class='ocrx_word' id='word_1_268' title='bbox 727 1935 764 1960; x_wconf 90' lang='lat' dir='ltr'>et</span> <span class='ocrx_word' id='word_1_269' title='bbox 783 1923 983 1959; x_wconf 87' lang='lat' dir='ltr'>colludere.</span> <span class='ocrx_word' id='word_1_270' title='bbox 1011 1924 1165 1958; x_wconf 82' lang='lat' dir='ltr'>Mensae</span> <span class='ocrx_word' id='word_1_271' title='bbox 1185 1929 1372 1972; x_wconf 80' lang='lat' dir='ltr'>imposita,</span> <span class='ocrx_word' id='word_1_272' title='bbox 1387 1937 1501 1972; x_wconf 86' lang='lat' dir='ltr'>quum</span> <span class='ocrx_word' id='word_1_273' title='bbox 1524 1931 1660 1959; x_wconf 83' lang='lat' dir='ltr'>sciurus</span> <span class='ocrx_word' id='word_1_274' title='bbox 1682 1923 1776 1958; x_wconf 79' lang='lat' dir='ltr'>haud</span> 
     </span>
     <span class='ocr_line' id='line_1_33' title="bbox 169 1981 1776 2029; baseline -0.002 -11"><span class='ocrx_word' id='word_1_275' title='bbox 169 1992 335 2018; x_wconf 86' lang='lat' dir='ltr'>metuens</span> <span class='ocrx_word' id='word_1_276' title='bbox 356 1986 667 2029; x_wconf 84' lang='lat' dir='ltr'>appropinquaret</span> <span class='ocrx_word' id='word_1_277' title='bbox 680 2009 688 2024; x_wconf 80' lang='lat'>,</span> <span class='ocrx_word' id='word_1_278' title='bbox 705 1987 764 2016; x_wconf 88' lang='lat' dir='ltr'>vix</span> <span class='ocrx_word' id='word_1_279' title='bbox 781 1981 887 2016; x_wconf 89' lang='lat' dir='ltr'>illum</span> <span class='ocrx_word' id='word_1_280' title='bbox 903 1984 1046 2014; x_wconf 81' lang='lat' dir='ltr'>curavit.</span> <span class='ocrx_word' id='word_1_281' title='bbox 1080 1981 1198 2016; x_wconf 78' lang='lat' dir='ltr'>Unico</span> <span class='ocrx_word' id='word_1_282' title='bbox 1221 1991 1364 2016; x_wconf 82' lang='lat' dir='ltr'>tantum</span> <span class='ocrx_word' id='word_1_283' title='bbox 1384 1992 1483 2028; x_wconf 78' lang='lat' dir='ltr'>gestu</span> <span class='ocrx_word' id='word_1_284' title='bbox 1507 1981 1659 2029; x_wconf 82' lang='lat' dir='ltr'>pedibus</span> <span class='ocrx_word' id='word_1_285' title='bbox 1674 1991 1776 2015; x_wconf 75' lang='lat' dir='ltr'>ante-</span> 
     </span>
     <span class='ocr_line' id='line_1_34' title="bbox 172 2037 1777 2086; baseline 0 -13"><span class='ocrx_word' id='word_1_286' title='bbox 172 2039 324 2074; x_wconf 86' lang='lat' dir='ltr'>rioribus</span> <span class='ocrx_word' id='word_1_287' title='bbox 339 2043 472 2073; x_wconf 86' lang='lat' dir='ltr'>canino</span> <span class='ocrx_word' id='word_1_288' title='bbox 487 2037 601 2072; x_wconf 87' lang='lat' dir='ltr'>modo</span> <span class='ocrx_word' id='word_1_289' title='bbox 621 2037 788 2083; x_wconf 78' lang='lat' dir='ltr'>sublatis,</span> <span class='ocrx_word' id='word_1_290' title='bbox 809 2037 957 2086; x_wconf 86' lang='lat' dir='ltr'>palpare</span> <span class='ocrx_word' id='word_1_291' title='bbox 979 2043 1137 2071; x_wconf 86' lang='lat' dir='ltr'>sciurum</span> <span class='ocrx_word' id='word_1_292' title='bbox 1153 2038 1266 2072; x_wconf 77' lang='lat' dir='ltr'>voluit</span> <span class='ocrx_word' id='word_1_293' title='bbox 1281 2066 1289 2082; x_wconf 81' lang='lat'>,</span> <span class='ocrx_word' id='word_1_294' title='bbox 1303 2049 1339 2073; x_wconf 86' lang='lat' dir='ltr'>at</span> <span class='ocrx_word' id='word_1_295' title='bbox 1360 2038 1423 2073; x_wconf 84' lang='lat' dir='ltr'>ille</span> <span class='ocrx_word' id='word_1_296' title='bbox 1443 2039 1525 2086; x_wconf 78' lang='lat' dir='ltr'>fuga</span> <span class='ocrx_word' id='word_1_297' title='bbox 1541 2052 1578 2073; x_wconf 84' lang='lat' dir='ltr'>se</span> <span class='ocrx_word' id='word_1_298' title='bbox 1599 2041 1777 2083; x_wconf 79' lang='lat' dir='ltr'>surripuit.</span> 
     </span>
    </p>

    <p class='ocr_par' dir='ltr' id='par_1_13' title="bbox 244 2094 1602 2143">
     <span class='ocr_line' id='line_1_35' title="bbox 244 2094 1602 2143; baseline -0.001 -15"><span class='ocrx_word' id='word_1_299' title='bbox 244 2096 377 2129; x_wconf 86' lang='lat' dir='ltr'>Vivum</span> <span class='ocrx_word' id='word_1_300' title='bbox 404 2100 578 2129; x_wconf 85' lang='lat' dir='ltr'>cricetum</span> <span class='ocrx_word' id='word_1_301' title='bbox 597 2094 653 2129; x_wconf 86' lang='lat' dir='ltr'>illi</span> <span class='ocrx_word' id='word_1_302' title='bbox 671 2094 810 2139; x_wconf 85' lang='lat' dir='ltr'>obtuli,</span> <span class='ocrx_word' id='word_1_303' title='bbox 837 2094 899 2129; x_wconf 83' lang='lat' dir='ltr'>sed</span> <span class='ocrx_word' id='word_1_304' title='bbox 928 2106 1062 2140; x_wconf 76' lang='lat' dir='ltr'>magno</span> <span class='ocrx_word' id='word_1_305' title='bbox 1091 2103 1227 2128; x_wconf 86' lang='lat' dir='ltr'>terrore</span> <span class='ocrx_word' id='word_1_306' title='bbox 1248 2095 1433 2143; x_wconf 68' lang='lat' dir='ltr'>perculsus</span> <span class='ocrx_word' id='word_1_307' title='bbox 1456 2094 1602 2140; x_wconf 82' lang='lat' dir='ltr'>aufugit.</span> 
     </span>
    </p>

    <p class='ocr_par' dir='ltr' id='par_1_14' title="bbox 173 2148 1776 2255">
     <span class='ocr_line' id='line_1_36' title="bbox 247 2148 1776 2197; baseline 0.001 -13"><span class='ocrx_word' id='word_1_308' title='bbox 247 2152 341 2184; x_wconf 89' lang='lat' dir='ltr'>Cum</span> <span class='ocrx_word' id='word_1_309' title='bbox 360 2157 459 2185; x_wconf 84' lang='lat' dir='ltr'>cavia</span> <span class='ocrx_word' id='word_1_310' title='bbox 483 2150 610 2197; x_wconf 86' lang='lat' dir='ltr'>cobaja</span> <span class='ocrx_word' id='word_1_311' title='bbox 631 2157 836 2188; x_wconf 56' lang='lat' dir='ltr'>intromissa</span> <span class='ocrx_word' id='word_1_312' title='bbox 855 2157 895 2187; x_wconf 83' lang='lat' dir='ltr'>in</span> <span class='ocrx_word' id='word_1_313' title='bbox 913 2163 1061 2187; x_wconf 77' lang='lat' dir='ltr'>caveam</span> <span class='ocrx_word' id='word_1_314' title='bbox 1079 2151 1270 2187; x_wconf 86' lang='lat' dir='ltr'>colludere</span> <span class='ocrx_word' id='word_1_315' title='bbox 1288 2152 1414 2188; x_wconf 80' lang='lat' dir='ltr'>voluit.</span> <span class='ocrx_word' id='word_1_316' title='bbox 1441 2152 1513 2187; x_wconf 84' lang='lat' dir='ltr'>Sed</span> <span class='ocrx_word' id='word_1_317' title='bbox 1527 2150 1591 2185; x_wconf 72' lang='lat' dir='ltr'>illa</span> <span class='ocrx_word' id='word_1_318' title='bbox 1607 2148 1776 2186; x_wconf 81' lang='lat' dir='ltr'>dentibus</span> 
     </span>
     <span class='ocr_line' id='line_1_37' title="bbox 173 2205 712 2255; baseline 0.006 -15"><span class='ocrx_word' id='word_1_319' title='bbox 173 2205 376 2242; x_wconf 80' lang='lat' dir='ltr'>frendendo</span> <span class='ocrx_word' id='word_1_320' title='bbox 395 2213 555 2255; x_wconf 87' lang='lat' dir='ltr'>recipere</span> <span class='ocrx_word' id='word_1_321' title='bbox 580 2207 712 2243; x_wconf 72' lang='lat' dir='ltr'>noluit.</span> 
     </span>
    </p>

    <p class='ocr_par' dir='ltr' id='par_1_15' title="bbox 1456 2266 1485 2298">
     <span class='ocr_line' id='line_1_38' title="bbox 1456 2266 1485 2298; baseline 0 0"><span class='ocrx_word' id='word_1_322' title='bbox 1456 2266 1485 2298; x_wconf 87' lang='lat' dir='ltr'>L</span> 
     </span>
    </p>
   </div>
  </div>
 </body>
</html>
