2054 2748
712 152 1163 183 AMPHIBIA.
1654 162 1736 205 273

414 233 796 278 COLUBER
840 234 1256 282 SERIATUS.
1301 235 1464 281 Nobis.

211 314 275 356 154
294 326 361 347 =
384 329 395 349 1
408 316 449 350 18
468 324 514 354 -Ι-
534 315 588 350 56.

205 370 457 418 Spithameus;
484 377 642 407 crassitie
660 383 803 419 pennae
834 370 1009 408 olorinae.
1036 373 1192 422 Serpens
1211 373 1450 422 elegantulus.
1478 375 1641 413 Dorsum
1666 379 1737 414 fus-

132 438 234 471 cum,
256 427 361 462 lineis
381 428 493 463 tribus
515 427 785 473 amicantibus,
813 427 910 463 linea
930 429 1049 464 media
1069 443 1134 478 per
1153 431 1291 466 medias
1310 443 1476 479 squamas
1498 441 1592 467 totas
1617 435 1735 471 ducta.

131 483 192 518 Ad
214 483 306 518 latus
327 484 434 530 hujus
454 495 524 520 tres
543 491 649 519 series
664 497 896 532 squamarum
915 486 1106 521 fuscarum.
1134 490 1246 522 Linea
1273 488 1432 523 lateralis
1446 493 1551 524 unius
1565 502 1736 538 squamae

131 538 335 575 latitudine.
362 542 495 576 Rursus
521 551 592 575 tres
611 541 732 576 fuscae
757 551 900 589 tresque
926 541 1032 577 albae
1058 555 1239 591 squamae.
1275 545 1414 579 Venter
1441 545 1571 591 flavus,
1603 548 1667 581 sed
1699 554 1737 583 in

130 606 296 631 extremo
317 597 511 643 cujuslibet
529 603 621 631 scuti
641 598 687 632 ad
706 603 908 644 marginem
925 606 1146 634 anteriorem
1165 600 1309 636 macula
1326 608 1555 637 transversim
1571 603 1735 651 oblonga

129 651 237 687 susca.
274 655 391 700 Caput
423 653 671 689 indiscretum.
708 654 834 689 Gauda
862 661 1080 690 acuminata.
1108 656 1183 690 Sub
1212 667 1338 692 mento
1366 671 1539 706 squamae
1564 658 1618 694 bis
1640 661 1735 696 duae

128 706 434 755 longitudinales,
450 719 526 744 tum
547 716 710 758 quinque
728 716 834 744 series
849 716 1081 758 squamarum
1103 712 1284 760 gularium
1305 727 1388 749 cum
1408 715 1610 750 dorsalibus
1627 729 1734 765 squa-

126 769 194 799 mis
214 770 459 801 continuatae.
486 769 527 801 In
541 766 612 801 illis
632 777 770 814 puncta
787 772 890 815 nigra
909 780 954 802 ex
973 768 1201 805 macularum
1219 776 1258 805 in
1275 777 1384 807 scutis
1400 777 1489 807 serie
1508 778 1733 810 continuata.

199 821 258 855 Ex
278 832 404 856 museo
425 822 742 870 Humphrediano.

403 923 787 969 COLUBER
831 927 1242 974 ERATRON.
1287 932 1451 975 Nobis

201 1004 267 1050 159
284 1015 352 1036 Ξ
370 1005 434 1038 133
453 1013 500 1042 —i—
520 1005 575 1040 26.

195 1060 406 1106 Longitudo
430 1060 580 1106 pedalis.
616 1064 800 1095 Crassities
821 1067 963 1095 minimi
990 1063 1104 1108 digiti.
1137 1065 1514 1101 Coeruleo-cinereus.
1554 1066 1733 1115 Squama-

121 1127 203 1151 rum
224 1115 402 1164 punctula
420 1120 541 1162 nigra,
561 1126 654 1163 quae
667 1121 705 1150 in
723 1122 886 1163 margine
902 1123 1103 1164 posteriore
1124 1130 1297 1166 squamae
1318 1120 1532 1166 confluunt,
1555 1132 1590 1157 et
1610 1129 1648 1157 in
1666 1137 1732 1159 an-

122 1172 210 1219 gulo
233 1177 436 1220 posteriore
461 1184 604 1216 earum,
632 1184 726 1220 quae
752 1172 846 1207 latus
871 1172 968 1207 dorsi
997 1172 1199 1219 claudunt,
1222 1175 1405 1210 maculam
1430 1177 1632 1225 oblongam
1657 1178 1732 1214 for-

122 1238 236 1263 mant.
264 1229 429 1262 Dorsum
448 1234 485 1262 in
509 1234 691 1263 anteriore
709 1238 812 1277 parte
827 1235 989 1276 corporis
1008 1229 1135 1264 album
1152 1238 1310 1279 squamis
1324 1233 1568 1268 immaculatis
1588 1247 1730 1271 succes·

121 1290 194 1319 sive
211 1285 360 1319 demum
376 1284 639 1320 coerulescens.
665 1287 707 1320 In
725 1290 906 1320 anteriore
921 1285 992 1320 hac
1009 1285 1093 1321 alba
1109 1287 1205 1322 dorsi
1224 1299 1325 1336 parte
1342 1302 1516 1338 squamae
1536 1296 1573 1325 in
1587 1304 1729 1329 summa

119 1340 217 1376 linea
239 1341 336 1375 dorsi
355 1341 565 1376 alternatim
583 1347 730 1389 punctis
751 1341 931 1390 elongatis
953 1356 1019 1391 per
1037 1345 1198 1379 mediam
1217 1346 1488 1393 longitudinem
1511 1348 1658 1384 ductam
1683 1351 1727 1386 li-

118 1397 268 1432 neolam
290 1402 429 1444 nigram
450 1396 600 1432 habent.
628 1397 787 1444 Squama
810 1409 914 1433 scuto
934 1400 1164 1434 abdominali
1183 1407 1356 1449 contigua
1381 1403 1564 1438 maculam
1586 1412 1727 1453 nigram

117 1455 295 1499 majorem
324 1465 472 1501 quoque
503 1453 623 1488 habet.
658 1454 797 1487 Venter
822 1453 937 1489 albus.
969 1455 1062 1490 Tela
1085 1455 1199 1491 nulla.
1230 1459 1350 1505 Caput
1376 1472 1550 1507 parvum,
1575 1474 1727 1510 corpore

119 1509 295 1559 colloque
314 1515 373 1544 vix
392 1514 550 1544 crassius.
579 1508 702 1543 Gauda
723 1508 864 1556 gracilis
882 1516 1100 1546 acuminata.

190 1568 248 1601 Ex
279 1565 381 1601 India
403 1565 575 1600 orientali
606 1565 870 1600 Stadtmannus
897 1571 1004 1602 misit.
1031 1568 1183 1604 Nomen
1201 1570 1360 1606 Eratron
1386 1572 1485 1620 apud
1508 1572 1724 1610 Gesnemm

118 1621 217 1658 libro
237 1622 379 1657 alcimo
398 1622 446 1657 de
461 1622 713 1670 Serpencibus
729 1627 896 1658 occurrit.

563 1724 945 1769 COLUBER
991 1726 1273 1773 SIMUS?

187 1808 290 1842 Mun
312 1805 444 1855 aliquis
468 1819 533 1853 172
549 1819 616 1840 Ξ
643 1808 707 1842 128
723 1816 769 1846 —i—
783 1814 838 1850 44.

188 1865 307 1899 Brevis
327 1873 363 1899 et
383 1876 539 1908 crassus3
558 1863 594 1899 id
613 1874 665 1899 est
685 1876 763 1898 non
781 1876 926 1913 prorsus
944 1863 1123 1913 bipedalis
1147 1877 1231 1900 cum
1254 1872 1412 1903 crassitie
1426 1869 1602 1917 pollicari.
1630 1872 1720 1909 Tela

113 1919 205 1955 mihi
225 1921 393 1956 videntur
406 1921 530 1955 adesse
550 1921 755 1969 granulosa.
783 1924 877 1955 Cum
899 1921 1053 1956 colubro
1078 1927 1170 1956 simo
1192 1935 1423 1971 squamarum
1446 1939 1615 1963 numerus
1634 1935 1718 1965 satis

113 1983 306 2021 convenit,
328 1977 392 2012 sed
408 1990 486 2012 non
505 1978 619 2013 color.
646 1979 792 2013 Fasciae
805 1977 966 2012 dorsales
979 1978 1086 2012 albae
1099 2007 1107 2023 ,
1123 1979 1316 2027 obliquae,
1331 1981 1481 2026 densam
1501 1996 1545 2018 ex
1559 1992 1717 2032 squamis

113 2046 220 2082 saepe
249 2034 604 2079 dimidiato-albi53
635 2040 673 2070 in
698 2034 813 2070 fundo
844 2034 946 2069 fusco
977 2036 1187 2081 interjectae
1216 2038 1382 2072 maculae
1409 2052 1552 2088 prorsus
1582 2046 1713 2088 nigrae„

114 2089 224 2125 Scuta
248 2096 368 2137 nigra,
399 2103 483 2125 cum
505 2091 650 2127 macula
674 2091 756 2127 alba
783 2091 830 2126 ad
854 2102 1051 2139 utrumque
1071 2103 1275 2128 extremum
1296 2094 1357 2129 ubi
1384 2109 1550 2144 squamas
1570 2105 1714 2133 contin-

113 2156 213 2194 gunt.
242 2145 317 2181 Sub
333 2147 432 2182 collo
453 2158 577 2183 autem
591 2148 720 2184 fasciae
742 2159 812 2184 tres
826 2148 942 2184 albae.
967 2149 1092 2185 Gauda
1110 2150 1234 2187 subtus
1253 2151 1419 2189 albidior.
1448 2155 1566 2201 Caput
1585 2154 1713 2190 decem

112 2208 271 2250 squamis
288 2208 397 2252 nigris
414 2205 571 2240 seriebus
587 2211 750 2254 quinque
772 2214 921 2241 tectum.
