2054 2748
262 137 337 188 144
602 141 1087 174 osssEnVAmONEs
1131 143 1503 174 ZOOLOGICAE.

254 228 491 276 triangulari,
519 227 680 276 duplici,
712 234 748 262 in
770 227 929 261 frontem
956 236 1181 262 excurrente.
1217 227 1346 275 Caput
1369 232 1408 262 in
1434 226 1589 275 longum
1616 227 1856 276 productum3

252 285 370 320 simile
394 285 450 320 illi
473 285 633 320 Canas-d
651 296 768 330 rouge
791 287 834 317 in
852 282 1009 330 Encycl.
1037 284 1208 319 me'tllod.
1229 293 1253 319 c,
1275 284 1329 326 34.
1354 294 1390 319 et
1412 285 1572 320 Canard
1590 287 1616 320 ὰ
1637 286 1713 320 δάιε
1734 298 1854 333 rouge

253 341 332 377 cab.
353 342 406 377 35.
429 342 546 377 Oculi
564 347 676 388 nigri,
695 345 804 388 parvi.
834 340 990 374 Collum
1011 339 1137 385 breve,
1165 353 1334 376 crassum.

327 398 454 433 Pedes
475 399 593 446 digitis
613 397 719 431 fuscis
736 424 745 440 ,
764 396 977 431 membrana
991 402 1165 445 tarsisque
1187 396 1366 432 olivaceis.

329 455 473 502 Corpus
497 465 616 490 totum
638 458 841 500 nigricante
863 453 1014 489 fuscum.
1045 455 1161 501 Regio
1187 465 1273 489 ante
1294 453 1423 489 oeulos
1452 453 1582 499 latior,
1612 466 1712 502 pone
1731 454 1859 489 oculos

253 518 441 560 angustior
471 521 505 545 et
532 510 606 544 fere
637 510 783 545 linearis
809 510 1003 559 pallidior,
1037 510 1223 559 punctulis
1255 516 1392 559 exiguis
1420 521 1457 546 et
1484 517 1604 546 minus
1633 511 1860 546 evidentibus

253 569 438 605 subfuscis.
464 569 594 602 Pectus
624 566 1052 615 cinereo-griseo—fusco,
1085 580 1163 602 non
1190 567 1297 603 valde
1324 567 1530 615 eleganter,
1556 567 1787 603 undulatum.
1819 569 1861 602 In

254 626 362 661 dorso
392 629 543 672 passim,
570 636 636 672 pro
661 629 756 659 varia
780 630 965 672 positione
994 635 1214 671 pennarum,
1240 624 1381 672 aliquid
1408 623 1588 658 albedinis
1613 630 1822 672 prominet,
1841 636 1861 658 a

254 683 379 718 colore
398 681 484 716 albo
505 681 633 715 baseos
652 693 857 728 pennarum
868 689 1048 715 exortum.

323 740 518 773 Reccrioes
534 737 663 772 fuscae.
690 737 800 772 Alae
819 737 945 772 subtus
965 742 1249 780 cinerascentes‚
1265 735 1405 770 duabus
1420 735 1526 771 lineis
1540 734 1778 770 albidioribus
1798 748 1862 784 per

253 795 331 830 alae
359 794 633 842 longitudinem
660 793 951 838 excurrentibus,
982 805 1090 841 super
1117 798 1282 828 teotrices
1311 798 1418 840 primi
1451 792 1591 828 ordinis
1622 801 1658 827 et
1682 797 1776 827 tertii
1800 802 1862 828 aut

255 857 382 899 quarti.
415 852 606 885 Teccrices
629 856 830 898 superiores
853 862 961 898 parce
979 855 1132 885 vinaceo
1152 849 1278 883 colore
1297 854 1530 896 marginatae.

326 902 508 942 Dilatatio
528 898 700 942 tracheae
716 906 828 941 nulla.
849 906 922 941 Sed
942 905 1168 952 labyrinthus
1181 918 1302 940 osseus
1322 917 1473 952 parvus,
1494 916 1539 938 ex
1554 916 1627 951 quo
1648 902 1742 938 duae
1753 902 1864 938 bron-

255 963 357 998 chiae
382 973 516 997 exeunt
532 991 540 1006 ,
575 963 744 1010 pollicari
769 962 1000 1009 longitudine
1014 973 1213 1009 antequam
1230 968 1268 995 in
1286 961 1482 1008 pulmones
1501 966 1774 1006 immergantur.
1803 960 1864 994 An

255 1018 340 1054 ideo
366 1020 477 1052 mas?
516 1018 575 1052 Ob
601 1017 767 1052 colorem
796 1022 935 1051 tristem
961 1018 1183 1052 uniformem
1208 1017 1298 1051 mihi
1326 1016 1460 1050 femina
1478 1021 1552 1051 visa
1574 1026 1636 1050 est.
1657 1015 1864 1050 Testiculos

256 1074 378 1109 nullos
390 1080 517 1122 reperi.
538 1074 612 1109 Sed
625 1087 694 1108 nec
709 1079 882 1108 ovarium.
897 1074 958 1108 An
972 1087 1058 1121 ergo
1074 1080 1112 1108 in
1126 1072 1316 1108 nonnullis
1328 1073 1471 1107 feminis
1485 1078 1595 1107 etiam
1610 1071 1863 1117 labyrinthus?

328 1132 412 1165 Visa
441 1130 531 1164 mihi
555 1140 608 1164 est
627 1135 830 1177 marginem
850 1135 1064 1164 interiorem
1091 1135 1199 1178 primi
1231 1129 1334 1176 digiti
1352 1127 1524 1176 ampliori
1543 1128 1758 1164 membrana
1779 1141 1865 1163 auc-

256 1196 334 1221 tum
348 1185 484 1221 habere
498 1214 505 1230 ,
530 1198 641 1234 quam
654 1185 748 1220 aliae
768 1191 906 1234 species
922 1192 1050 1222 anatis,

424 1245 428 1257 .

607 1289 818 1332 ANAS
869 1288 1300 1333 LEUCOTIS.
1360 1287 1525 1331 Nobis.

329 1387 461 1420 Fusca
478 1412 490 1427 ,
521 1394 660 1420 ventre
691 1385 927 1432 pallidiore,
961 1385 1126 1418 macula
1155 1393 1250 1417 ante
1281 1392 1322 1416 ec
1345 1393 1439 1429 pose
1464 1383 1600 1417 oculos
1628 1383 1866 1431 speculoque

258 1442 420 1477 alarum
442 1440 557 1475 albis.

330 1497 550 1545 Magnitudo
579 1497 622 1531 A.
642 1496 826 1544 suligulae.
862 1495 1012 1531 Macula
1041 1507 1140 1544 pone
1167 1494 1296 1530 oculos
1323 1507 1401 1529 non
1428 1506 1517 1542 pure
1544 1494 1649 1539 alba,
1676 1495 1741 1529 sed
1761 1495 1867 1532 fuscis

258 1555 392 1603 plumis
409 1559 598 1601 variegata.
626 1556 668 1588 In
688 1553 896 1588 teotricibus
912 1552 1172 1601 posterioribus
1186 1565 1259 1587 una
1279 1551 1405 1600 pluma
1420 1557 1533 1598 nigra.
1559 1552 1731 1586 Rostrum
1751 1551 1867 1587 latum

258 1616 412 1659 nigrum.
439 1610 556 1645 Pedes
584 1616 686 1658 nigri.
713 1609 883 1644 Trachea
912 1615 1125 1644 ventricosa.
1157 1608 1262 1643 Conf.
1295 1607 1455 1644 Tabula
1485 1620 1577 1643 mea
1595 1607 1865 1655 Asfitzicczcum

259 1668 530 1704 Alzimczliccm.
557 1668 723 1714 Argen&
748 1666 846 1713 1783.
865 1678 959 1713 pag.
985 1665 1059 1701 161.

843 1767 1056 1836 AQNAS
1108 1801 1274 1809 .....

332 1861 460 1897 Medio
482 1862 617 1896 Martio
645 1860 744 1907 1780.
768 1860 859 1895 farta
881 1869 916 1893 et
935 1864 985 1893 sic
1004 1863 1222 1893 examinata.

333 1919 504 1961 Femina3
528 1931 613 1952 nam
632 1917 881 1963 labyrinthum
899 1927 978 1950 non
998 1914 1137 1949 habuit.

335 1974 478 2010 Statura
500 1974 682 2022 fuligulae.
720 1975 906 2008 Rostrum
929 1971 1137 2015 mediocre,
1168 1976 1335 2017 nigrum,
1362 1969 1590 2005 semicirculo
1618 1969 1698 2004 rufo
1729 1975 1867 2006 circum

262 2043 434 2078 unguem.
465 2032 593 2078 Caput
607 2030 768 2079 collique
783 2029 932 2064 dimidia
952 2040 1033 2076 pars
1053 2026 1160 2062 fusca.
1190 2027 1292 2061 Colli
1305 2027 1455 2063 inferior
1468 2033 1566 2075 regio
1587 2033 1725 2075 postice
1745 2033 1866 2075 nigro-

264 2094 426 2133 cinerea,
444 2094 565 2123 antice
585 2087 677 2123 alba.
704 2088 848 2122 Pectus
869 2091 1052 2120 cinereum
1070 2112 1078 2129 ,
1103 2089 1267 2131 margine
1286 2096 1491 2132 pennarum
1510 2083 1615 2129 albo,
1635 2083 1731 2118 unde
1750 2094 1868 2119 trans-

263 2151 393 2180 versim
412 2143 653 2190 undulatum,
674 2144 779 2179 lineis
801 2142 999 2179 latioribus.
1026 2140 1240 2177 Abdomen
1257 2140 1394 2176 album.
1419 2142 1594 2175 Dorsum
1615 2150 1734 2175 atrum
1749 2168 1759 2187 ,
1777 2154 1867 2189 pen-

265 2208 319 2237 nis
342 2207 506 2250 supernis
524 2211 560 2237 et
581 2200 828 2249 scapularibus
852 2204 1017 2247 margine
1034 2197 1136 2234 albis.
1163 2197 1273 2234 Alae
1291 2202 1437 2245 nigrae,
1466 2196 1616 2246 speculo
1638 2196 1742 2244 albo,
1766 2198 1868 2246 quod

1822 2266 1867 2289 ex
