2054 2748
259 147 338 199 114
629 150 1107 184 onsrnvArioNEs
1149 151 1528 183 ZOOLOGICAE.

254 252 333 276 non
358 244 472 289 potui.
499 241 622 274 Etiam
643 238 690 274 ab
710 243 832 282 initiO,
859 247 974 284 quum
995 241 1034 271 in
1054 236 1184 272 dextro
1209 235 1323 271 latere
1343 245 1415 271 tres
1441 243 1635 285 rectrices,
1662 243 1701 274 in
1721 244 1865 275 sinistro

254 298 343 333 duas
363 297 477 332 modo
498 296 663 332 fasciatas
681 295 862 339 viderem,
889 306 956 341 pro
975 298 1148 330 varietate
1166 292 1296 340 habui,
1323 303 1360 330 et
1380 299 1554 332 curiosius
1574 302 1785 333 examinare
1799 310 1866 334 ne-

255 354 363 403 glexi.
391 356 501 389 Nunc
523 354 630 390 video
651 353 861 388 distinctam
882 356 1043 399 speciem
1069 364 1156 387 esse.

326 412 472 448 Statura
491 411 683 447 Acsalonis
702 419 766 444 aut
786 410 866 444 Nisi
892 413 1010 444 maris.

329 471 515 505 Rostrum
548 478 583 503 et
606 466 832 502 denticulus
855 475 992 502 acutus.
1031 465 1217 501 Maxilla
1245 465 1395 501 inferior
1424 475 1602 502 truncata.
1632 469 1729 503 Basis
1762 473 1868 504 rostri

256 526 363 562 rubra
386 526 511 562 colore
530 523 677 572 pedum.
708 523 804 558 Cera
825 523 986 559 obscura.
1005 524 1135 560 Nares
1156 523 1398 570 orbiculatae,
1425 523 1581 572 patulae.
1609 525 1753 561 Vercex
1767 531 1868 560 cine·

255 596 336 620 reus
352 612 360 629 ,
388 583 498 618 fronti
513 581 746 630 aliquantum
765 580 872 617 fulvis
895 586 1071 616 immixtis
1089 586 1227 629 pennis.

333 640 439 675 Gula
464 648 499 673 et
526 637 622 673 colli
648 637 762 673 latera
791 638 877 673 albo
909 643 1132 686 cinereoque
1159 643 1266 674 varia.
1292 638 1442 675 Nuclta
1471 638 1590 685 fulva,
1620 644 1683 687 qui
1704 638 1811 674 color
1832 643 1871 673 in

256 707 383 747 pectus
405 695 596 731 descendit
617 695 681 730 sed
699 694 873 744 pallidior
893 705 929 731 et
949 700 1094 730 cinereo
1110 700 1334 731 intermixto.
1362 697 1538 731 Dorsum
1558 701 1764 741 cinereum,
1787 695 1871 730 sub-

256 760 385 790 nitens.
412 753 628 789 Abdomen
652 758 860 798 cinereum,
894 752 1024 787 rhachi
1046 758 1146 801 nigra
1176 759 1213 787 in
1239 753 1367 788 multis
1393 759 1534 802 pennis.
1561 755 1700 789 Passim
1728 752 1871 800 aliquid

259 811 343 847 fulvi
363 816 597 857 immixtum,
623 810 688 846 sed
714 816 934 859 parcissime.
965 811 1136 846 Crissnm
1166 821 1202 847 et
1228 811 1395 847 braccae
1426 811 1707 857 immaculatae,
1735 810 1871 856 fulvae,

256 876 418 918 margine
437 881 642 918 pennarum
663 875 760 904 crissi
778 868 984 917 pallidiore.
1020 870 1270 918 Uropygimn
1294 868 1422 904 colore
1447 868 1555 903 dorsi.

329 929 515 974 Remiges
547 932 694 961 cinereo
726 926 856 961 fuscae.
894 926 1064 962 Secunda
1095 927 1332 974 longissima,
1372 931 1517 974 apicem
1548 925 1686 960 caudae
1718 928 1873 972 attingit.

256 985 378 1020 Prima
399 983 512 1032 paulo
535 982 698 1027 brevior,
724 981 870 1030 pollicis
890 983 936 1017 ab
955 988 1059 1030 apice
1080 984 1249 1018 distantia
1267 988 1433 1030 margine
1460 988 1635 1017 interiore
1660 982 1708 1017 ad
1734 984 1892 1017 rectum*

258 1040 436 1089 angulum
456 1045 585 1084 incisa,
605 1051 798 1087 sequentes
815 1044 876 1074 vix
895 1044 1038 1074 incisae.
1065 1040 1188 1074 Prima
1209 1045 1248 1074 in
1268 1044 1434 1086 margine
1453 1044 1627 1074 interiore
1646 1050 1782 1074 novem
1795 1051 1873 1073 ma-

259 1098 359 1134 culas
375 1108 499 1134 ovatas
520 1096 696 1132 candidas
715 1095 853 1140 habet,
881 1109 1036 1144 quarum
1054 1102 1193 1145 primae
1214 1096 1262 1131 ad
1285 1101 1429 1145 apicem
1449 1101 1487 1131 in
1510 1095 1641 1132 dextro
1657 1095 1771 1131 latere
1786 1107 1876 1130 con-

258 1155 399 1200 fluunt,
428 1154 542 1202 (forte
563 1154 691 1189 decem
710 1153 864 1198 adsunt,
884 1159 913 1188 si
927 1152 985 1188 ala
1003 1158 1041 1188 in
1060 1163 1209 1189 recente
1229 1165 1295 1188 ave
1311 1153 1423 1201 plane
1442 1152 1619 1202 explicari
1633 1151 1784 1201 potest.)
1807 1153 1877 1187 Re-

258 1211 376 1259 liquas
405 1211 452 1246 ad
478 1220 646 1245 octavam
670 1222 785 1257 usque
813 1215 948 1257 pariter
966 1209 1168 1246 maculatas
1195 1216 1347 1259 reperio.
1375 1210 1620 1245 Secundariae
1649 1220 1734 1245 sunt
1762 1214 1877 1257 magis

258 1268 380 1303 fuscae
399 1266 539 1316 pallide
559 1265 659 1302 fulvo
680 1272 905 1301 intermixto.

337 1325 529 1359 Teccrlces
551 1329 738 1368 cinereae,
759 1323 886 1358 colore
910 1323 1017 1358 dorsi.

335 1379 476 1414 Gauda
504 1379 754 1423 subcuneata,
783 1378 996 1412 rectricibus
1023 1379 1250 1412 intermediis
1274 1385 1550 1423 atro-cinereis,
1583 1380 1694 1414 fascia
1725 1389 1878 1427 angusta

261 1437 470 1473 obscuriore
485 1445 571 1470 ante
590 1440 744 1482 apicem.
776 1435 867 1469 Tres
886 1439 1056 1469 rectrices
1076 1439 1233 1469 extimae
1253 1433 1372 1470 dextri
1388 1434 1509 1470 lateris
1523 1435 1694 1471 fasciatae
1712 1441 1751 1471 in
1774 1446 1878 1471 utro-

261 1507 334 1544 que
353 1498 537 1540 margine,
565 1491 680 1526 fasciis
700 1491 807 1526 fuscis
829 1490 959 1526 decem
985 1491 1033 1526 ad
1060 1491 1234 1526 undecim
1249 1519 1259 1537 ,
1280 1497 1319 1526 in
1339 1502 1497 1540 utroque
1518 1498 1684 1540 margine
1702 1492 1879 1529 subalter-

260 1551 434 1588 nantibus
451 1564 460 1594 ·,
480 1555 518 1584 in
541 1554 687 1584 sinistro
706 1548 820 1583 latere
835 1548 929 1583 duae
944 1558 1088 1584 tantum
1107 1548 1289 1585 fasciatae.

334 1609 454 1642 Totae
478 1612 552 1642 avis
571 1606 731 1641 sedentis
752 1605 948 1653 longitudo
964 1605 1145 1654 pollicum
1160 1606 1356 1652 undecim,
1375 1611 1483 1642 rostri
1505 1605 1552 1641 ab
1572 1611 1676 1655 apice
1694 1606 1742 1642 ad
1765 1620 1880 1656 angu-

261 1665 340 1701 lum
362 1670 434 1699 oris
456 1664 636 1699 linearum
652 1673 738 1698 octo
755 1675 841 1697 cum
856 1663 1007 1699 dimidia
1023 1692 1031 1709 ,
1051 1664 1099 1699 ad
1122 1664 1226 1700 basin
1243 1670 1349 1700 rostri
1368 1674 1511 1713 septem
1526 1663 1719 1701 linearum.

316 1723 432 1757 Tarsi
459 1722 665 1756 mediocres
693 1720 841 1769 pollicis
867 1720 1112 1769 longitudine.
1156 1722 1320 1769 Ungues
1352 1733 1483 1756 omnes
1508 1720 1699 1769 aequaleS,
1726 1720 1880 1770 pallidi,

264 1786 401 1816 cornei.
423 1778 537 1814 Color
557 1784 639 1814 tarsi
660 1778 936 1826 digitorumque
959 1778 1015 1826 (et
1029 1778 1155 1826 rostri)
1178 1778 1311 1825 ruber,
1328 1777 1509 1814 rubedine
1528 1791 1674 1826 prorsus
1687 1777 1740 1813 illi
1755 1778 1878 1825 simili,

265 1850 376 1887 quam
390 1836 527 1872 habent
547 1836 658 1885 pedes
683 1835 951 1870 columbarum.
974 1835 1099 1883 Atque
1122 1835 1171 1870 ob
1191 1835 1290 1870 hanc
1310 1840 1494 1872 rationem
1514 1833 1702 1870 falconem
1720 1836 1879 1871 curturi-

266 1908 362 1930 mcm
388 1900 524 1929 vocavi.
542 1895 645 1928 Tarsi
663 1899 785 1928 antice
806 1897 1010 1941 squamati,
1029 1904 1108 1927 non
1126 1898 1268 1928 scutati.

339 1954 413 1987 Iris
433 1951 522 1987 [lava
543 1950 591 1985 ad
614 1949 833 1986 rubedinem
858 1961 1020 1997 vergens.

625 2067 891 2112 FALCO
936 2067 1327 2112 ELEGANS.
1359 2066 1523 2111 Nobis.

340 2180 652 2229 Brachypcerus,
680 2189 784 2215 ostro
808 2188 942 2214 mente
964 2178 1238 2221 denticulato,
1267 2178 1442 2214 maxilla
1463 2178 1649 2226 inferiore
1669 2185 1856 2212 mancam
1867 2203 1881 2221 ‚

269 2238 386 2273 brach
383 2251 490 2285 spus
506 2266 517 2283 ,
545 2238 659 2274 dorso
678 2240 831 2274 cinereo
844 2266 856 2280 ,
876 2236 1171 2284 vetzcteficlvo,
1195 2234 1296 2284 gula
1313 2237 1438 2272 nivea
1450 2261 1465 2280 ‚
1496 2233 1710 2283 remigibus
1737 2236 1881 2276 primo-
