2054 2748
706 166 1154 194 AMPHIBIA.

122 259 313 299 ᾳιιαίιιοη
324 247 546 286 intermediis
556 253 677 283 minus
687 247 767 283 latis
779 260 890 296 quani

123 313 330 342 exteriores.

170 363 269 397 Posc
289 367 565 396 commissuram
584 361 765 396 semorum
784 366 891 396 series

122 417 340 453 semilunata
356 431 589 466 squamarum
599 431 660 453 sex
672 433 680 463 3
692 428 769 453 tum
783 430 890 466 squa-

121 485 182 508 ma
199 475 334 519 major;
364 474 449 509 dein
468 481 556 509 rima
577 481 636 509 ani
649 503 657 519 ,
685 480 752 509 nisi
771 480 891 522 potius

122 540 205 578 post
237 530 446 578 squamulas
473 537 642 566 minimas
670 537 807 579 positus
834 536 889 565 sit.

123 585 258 632 (Quod
277 585 400 621 adhuc
418 587 735 634 examinandum.)
758 589 890 622 Postea

121 653 204 676 area
224 641 422 689 squamulis
449 649 610 679 minimis
638 644 781 680 obsita:
808 654 889 680 tan-

122 696 207 732 dem
221 696 390 733 verticilli
410 699 558 735 caudae.

156 866 362 915 Sqnamae
371 869 641 903 verticillacae
651 869 808 904 candae
819 870 888 917 gla-

119 921 316 968 beri-imae,
345 930 404 959 vix
422 925 582 960 mediam
606 925 743 960 lineam
767 925 887 962 eleva-

118 987 194 1014 tam
215 980 459 1015 ostendentes.

166 1093 217 1125 In
236 1090 460 1137 femoribus
487 1089 612 1123 subtus
644 1100 731 1123 ante
757 1095 887 1123 seriem

116 1155 340 1193 punctorum
355 1145 613 1193 marginalium
631 1157 803 1192 squamae
818 1151 887 1178 mi-

117 1211 245 1246 nutae,
261 1211 384 1236 ernon
397 1207 464 1237 nisi
475 1214 594 1237 versus
609 1207 812 1249 marginem
824 1213 888 1237 ex-

118 1263 290 1293 teriorem
304 1259 469 1304 majores.

165 1371 325 1405 Puncta
345 1370 558 1418 marginalia
579 1382 734 1405 numero
755 1384 828 1406 sex.

164 1425 372 1473 Squama&
386 1431 528 1461 verticis
547 1431 700 1460 omnino
722 1426 892 1462 diversae.

168 1481 303 1523 Color,
318 1492 402 1529 post
415 1482 649 1529 epidermidis
660 1481 888 1516 ablationem

117 1536 398 1584 viridi-cyaneus
412 1565 420 1583 ,
440 1536 612 1574 lateribus
627 1536 885 1573 subobscurio-

117 1592 224 1628 ribus.

1642 157 1724 200 265

952 249 1097 284 decem.
1125 251 1369 283 Commissum
1386 257 1582 286 transversa
1599 262 1722 288 scuto-

954 318 1034 339 rum
1055 311 1156 353 quasi
1177 304 1318 340 elevata
1338 303 1489 340 videtur.

1002 362 1104 397 Post
1125 367 1232 396 series
1264 370 1472 405 scutorum,
1500 368 1598 408 regio
1623 371 1722 400 venit

955 423 1115 452 minimis
1136 417 1336 466 squamulis
1362 416 1498 461 obsita3
1527 428 1604 452 tnm
1628 425 1723 456 intra

954 473 1092 509 femora
1121 485 1192 509 tres
1216 479 1323 509 series
1349 485 1582 522 squamarum
1608 478 1723 521 majo-

954 542 1055 575 rum,
1083 543 1237 578 quarum
1264 536 1380 578 prima
1413 529 1552 565 duabus
1579 541 1723 567 constat

954 586 1182 633 majusculis:
1201 593 1307 622 tertia
1329 599 1392 621 sex
1406 587 1657 634 magnitudine
1676 588 1723 622 ad

953 643 1067 679 latera
1082 642 1378 679 increscentibus.
1405 645 1488 678 Jam
1502 649 1592 678 rima
1607 653 1722 679 trans-

954 698 1054 736 versa
1068 706 1147 746 ani,
1164 701 1264 747 cujus
1279 712 1405 748 margo
1424 705 1585 734 anterior
1597 710 1721 748 poste-

952 762 1100 805 riorque
1114 756 1315 805 squamulis
1330 761 1577 791 minutissimis
1588 755 1723 792 obsitus

953 823 1015 848 est.
1043 815 1089 848 Et
1107 815 1181 860 Jam
1200 812 1370 849 verticilli
1391 812 1537 847 caudae.

999 869 1206 916 qucanme
1224 868 1496 904 verticillacae
1511 868 1722 916 longiuscu-

950 925 1025 970 lae,
1054 925 1175 960 media
1202 925 1300 959 linea
1331 924 1612 971 longitudinali,
1642 925 1722 973 ple-

949 992 1104 1027 rumque
1120 980 1292 1026 obliqua,
1306 986 1502 1027 praecipue
1513 986 1551 1014 in
1563 981 1722 1016 seriebus

948 1034 1200 1079 inferioribus,
1224 1035 1406 1069 distincta.

999 1091 1049 1121 In
1071 1089 1296 1134 femoribus
1323 1089 1449 1123 subtus
1479 1100 1564 1125 ante
1592 1098 1723 1127 seriem

951 1153 1173 1191 punctorum
1186 1144 1443 1192 marginalium
1455 1158 1627 1193 squamae
1641 1160 1721 1182 om-

950 1211 1015 1233 nes
1040 1199 1283 1246 majusculae,
1315 1210 1378 1236 aut
1402 1201 1533 1237 saltem
1560 1214 1644 1238 ante
1669 1217 1722 1239 se-

950 1261 1039 1290 riem
1053 1266 1275 1303 punctorum
1287 1269 1360 1292 una
1376 1267 1521 1294 tantum
1535 1265 1641 1294 series
1651 1267 1720 1295 mi·

951 1317 1133 1346 nimarum
1147 1325 1390 1360 squamarum.

998 1369 1139 1402 Puncta
1154 1369 1368 1415 marginalia
1381 1382 1536 1406 numero
1552 1382 1718 1419 quantem

1001 1479 1119 1513 Color
1137 1485 1257 1515 minus
1283 1486 1401 1518 virens
1426 1488 1540 1530 visus,
1568 1484 1720 1520 maculis

949 1534 1192 1581 paucioribus.

999 1592 1110 1625 Linea
1130 1591 1268 1639 pallide
1289 1599 1425 1640 virens,
1457 1609 1563 1645 snpra
1592 1596 1720 1632 oculos

950 1650 1129 1693 incipiens
1157 1661 1271 1696 usque
1296 1655 1334 1683 in
1362 1651 1517 1686 caudam
1543 1653 1719 1689 deducta:

949 1701 1020 1736 alia
1036 1714 1141 1750 supra
1158 1702 1296 1740 femora
1318 1713 1501 1743 anteriora
1522 1714 1720 1757 incipie1153

949 1763 1048 1804 regio
1064 1763 1159 1793 inter
1171 1770 1364 1809 utramque
1383 1762 1491 1799 fusca.

997 1815 1209 1862 Longitudo
1237 1825 1400 1865 eorporis
1425 1819 1582 1856 duorum
1606 1821 1717 1870 polli-

948 1881 1031 1904 cum
1045 1883 1129 1905 cum
1139 1871 1292 1908 dimidio
1304 1888 1311 1919 3
1324 1875 1439 1911 cauda
1451 1889 1511 1912 sex
1522 1878 1716 1926 pollicaris.

187 2006 339 2039 Lacerta
360 2003 481 2039 viridis
501 2003 731 2052 aliquantum
760 2003 912 2052 maligni
939 2005 1082 2041 videtur
1099 2019 1175 2041 esse
1202 2012 1350 2055 ingenii.
1376 2009 1481 2046 Duas
1501 2012 1717 2047 incluseram

116 2066 208 2097 vitro
223 2089 231 2105 ,
253 2071 289 2095 et
309 2073 422 2109 quum
437 2071 591 2109 utraque
606 2066 826 2109 quiesceret,
843 2061 994 2096 alteram
1008 2062 1112 2098 alteri
1132 2064 1302 2100 infestum
1318 2079 1479 2102 morsum
1499 2079 1592 2103 retro
1608 2080 1717 2116 caput

119 2117 286 2152 inflixisse
305 2118 387 2152 vidi.
415 2119 548 2165 Reperi
568 2124 607 2152 in
622 2123 712 2153 vitro
734 2129 968 2153 excrementa
988 2119 1290 2167 semipollicaria,
1310 2124 1576 2171 sesquilinearis
1594 2131 1717 2160 crassi-

118 2179 197 2218 tiei,
217 2173 428 2220 mollicula,
447 2180 662 2222 nigricantia
681 2187 764 2209 cum
783 2180 901 2209 virore
923 2174 1069 2223 aliquo,
1091 2176 1207 2212 altero
1231 2189 1394 2214 extremo
1412 2180 1609 2216 substantia
1630 2195 1716 2217 can-

118 2230 224 2278 dida,
247 2230 435 2267 calcarea‘?
453 2241 494 2269 ut
511 2237 550 2268 in
568 2237 688 2270 avium
705 2236 966 2279 excrementis,
990 2232 1036 2268 ab
1057 2239 1181 2270 urinae
1196 2235 1421 2283 sedimento,
1445 2236 1677 2274 adhaerente,
