2054 2748
212 119 291 165 186
564 125 1046 160 OBSERVATIONES
1080 111 1452 155 ZOOLOGICAEJ

279 216 435 253 AluZae
449 220 592 264 spuriae
606 219 744 263 primae
759 222 904 259 pennae
919 223 1013 258 apex
1025 209 1130 246 albus
1143 238 1152 256 ,
1171 209 1353 245 secundae
1366 221 1462 258 apex
1482 218 1518 244 et
1530 215 1703 257 marginis
1717 220 1817 246 ante-

206 280 309 310 rioris
329 286 411 322 pars
435 277 617 316 anterior,
650 275 776 305 tertiae
801 274 934 303 iterum
957 280 1053 316 apex
1075 267 1191 303 albus.
1224 267 1334 302 Alae
1357 279 1512 315 superne
1539 273 1656 315 prima
1689 280 1822 303 remex

205 332 420 379 longissima
450 320 821 374 cinereo-nigricans,
852 324 1110 370 immaculata;
1140 325 1301 360 secunda
1329 323 1541 359 subbrevior
1566 323 1711 358 macula
1737 323 1821 359 alba

205 387 397 436 marginali
416 393 455 422 in
474 385 597 421 medio
619 387 827 431 posterioris
846 387 1029 429 marginis.
1057 382 1236 431 Reliquae
1258 394 1372 430 usqne
1391 381 1437 416 ad
1457 386 1651 429 septimam
1676 381 1819 416 decres—

206 456 316 491 cunt,
332 456 486 492 eamque
503 440 688 476 maculam
706 444 841 473 sensim
859 440 1039 485 majorem
1058 445 1254 488 acquIrunt
1268 437 1461 486 formaque
1485 436 1656 485 trianguli
1676 447 1820 473 rectan-

206 503 283 551 guli
308 504 409 549 cujus
430 497 686 548 hypothenusa
709 501 747 531 in
768 502 932 543 margine
958 502 1161 545 posteriori.
1183 499 1223 531 In
1246 505 1374 531 octava
1399 500 1528 543 incipit
1546 506 1588 529 ea
1609 493 1753 529 macula
1774 494 1822 530 ad

206 565 429 595 anteriorem
451 561 652 603 marginem
672 553 825 602 paulum
844 552 940 588 ultra
958 553 1114 588 rhachin
1133 567 1170 589 se
1188 552 1407 598 extendere,
1434 552 1536 600 quod
1557 563 1672 600 nsque
1691 550 1739 586 ad
1758 551 1821 586 de-

206 623 340 652 cimam
356 627 449 664 quae
470 613 598 648 ultima
617 621 670 647 est
687 616 867 659 remigum
881 616 1136 659 primax-iarum
1151 623 1189 646 se
1205 609 1381 646 extendit.

279 671 587 708 Secundariarum
603 669 732 705 decem
753 673 892 717 priores
907 674 1041 702 sensim
1055 678 1089 703 et
1102 681 1230 716 parum
1244 666 1478 715 longitudine
1499 675 1667 701 crescunt
1682 693 1690 710 ,
1709 677 1822 712 auge-

206 740 264 765 tur
288 741 437 778 quoque
460 727 596 763 albedo
613 755 622 773 ,
647 726 711 761 sed
732 731 862 760 minor
875 726 950 771 ejus
970 738 1049 773 pars
1069 726 1136 760 sub
1151 724 1360 760 rectricibus
1374 722 1608 771 longitudine
1629 727 1823 757 crescenti-

205 786 270 821 bus
295 795 456 834 apparet.
482 785 589 833 Apex
613 795 762 832 quoque
792 787 854 830 qui
883 787 920 816 in
946 787 1125 830 primariis
1145 788 1205 818 vix
1227 781 1450 817 albicantem
1475 785 1674 827 marginem
1702 789 1823 814 osten-

204 844 327 888 derat,
349 849 387 877 in
407 842 630 877 secundariis
650 841 756 876 latius
776 839 947 874 albedine
972 853 1037 874 sna
1055 852 1093 874 se
1120 839 1307 884 extendit,
1336 844 1385 873 ita
1402 847 1442 872 ut
1465 843 1503 871 in
1520 847 1649 872 octava
1668 845 1704 870 et
1723 849 1822 871 nona

204 901 339 936 albedo
364 906 477 948 apicis
505 912 620 947 usque
646 911 767 933 versus
796 907 916 932 atrum
937 896 1104 931 colorem
1126 896 1278 940 baseos,
1308 906 1374 942 per
1401 905 1553 928 omnem
1581 898 1823 941 posteriorem

204 963 410 1004 marginem
429 956 531 990 hand
556 962 761 1001 interrupta
782 965 818 987 se
839 953 1025 988 extendat.

280 1013 586 1048 secundariarum
606 1021 677 1046 tres
700 1019 920 1058 sequentes,
941 1009 1156 1052 undecima,
1177 1007 1422 1051 duodecima,
1445 1006 1587 1041 decima
1608 1011 1734 1052 tertia,
1757 1011 1824 1041 ite-

205 1083 286 1105 rum
307 1076 533 1112 increscunt,
554 1068 721 1114 fiuntque
736 1071 1020 1100 acuminatiores
1035 1093 1043 1109 ,
1062 1065 1253 1099 molliores
1267 1073 1543 1110 structuraeque
1559 1063 1729 1098 diversae.
1745 1063 1824 1097 De-

206 1132 299 1161 cima
325 1130 428 1160 tertia
452 1130 491 1158 in
516 1122 737 1170 complicata
761 1121 820 1156 ala
845 1120 1080 1168 longitudine
1105 1130 1220 1155 certat
1241 1132 1325 1154 cum
1344 1125 1460 1167 prima
1480 1124 1616 1166 remige
1644 1125 1825 1167 primaria.

204 1183 347 1219 Ultima
367 1187 499 1217 iterum
520 1180 670 1215 brevior.
690 1181 772 1213 Hae
797 1188 956 1226 quatuor
978 1177 1131 1213 ultimae
1148 1183 1301 1224 remiges
1324 1186 1408 1211 sunt
1431 1175 1558 1210 colore
1583 1175 1749 1211 olivaceo
1775 1177 1823 1212 ad

205 1252 373 1287 grysenm
389 1238 565 1274 tendente
580 1235 709 1271 rhachi
724 1240 1006 1283 transversisque
1024 1234 1142 1269 fasciis
1156 1238 1366 1281 interruptis
1383 1246 1424 1267 ac
1436 1232 1552 1267 lituris
1566 1238 1660 1267 atris.
1677 1233 1824 1268 Eodem

206 1296 333 1331 colore
360 1306 443 1331 sunt
472 1300 638 1330 tectrices
664 1297 906 1342 posteriores,
933 1298 1132 1327 anteriores
1157 1297 1257 1326 enim
1281 1300 1364 1325 sunt
1387 1289 1666 1338 fusco-gryseae
1695 1295 1825 1326 imma-

206 1352 360 1388 culatae.

280 1407 563 1455 Scapu-Zarimn
584 1404 776 1440 fasciculus
796 1410 939 1439 circiter
967 1403 1097 1439 decem
1124 1407 1256 1451 pennis
1285 1411 1429 1437 constat
1454 1402 1688 1449 longitudine
1708 1403 1825 1438 unde-

208 1473 324 1502 cimae
344 1470 490 1512 remigis
509 1462 747 1498 secundariae
760 1489 769 1506 ‚
789 1460 894 1496 color
915 1460 1013 1494 idem
1037 1458 1234 1506 remigibus
1257 1464 1452 1506 postremis
1473 1459 1667 1506 dorsoque.
1689 1459 1824 1496 Subtus

209 1524 313 1559 color
337 1528 517 1570 remigum
542 1520 640 1555 idem
665 1519 836 1562 dilutior-3
860 1516 1006 1552 rhachis
1027 1516 1122 1551 alba.

285 1581 508 1615 Teccricmn
537 1583 675 1626 primus
699 1575 791 1610 ordo
819 1574 933 1609 albus.
963 1573 1169 1622 Sequentes
1197 1571 1304 1607 albae
1337 1571 1414 1606 basi
1438 1572 1568 1607 fuscae.
1591 1572 1652 1608 Ad
1672 1573 1824 1610 axillam

207 1636 375 1673 maculae
398 1635 519 1669 fuscae
542 1633 724 1680 albaeque
748 1643 899 1679 sparsae.
933 1629 1094 1665 Ultimus
1120 1634 1312 1665 tectricum
1341 1629 1432 1664 ordo
1456 1629 1533 1665 basi
1551 1629 1695 1676 fuscus,
1719 1636 1823 1679 apice

207 1693 311 1730 albus
329 1721 336 1738 ,
369 1691 541 1726 albedine
567 1696 605 1724 in
629 1687 888 1738 posterioribus
907 1686 1068 1722 multum
1090 1697 1207 1722 aucta.

280 1750 440 1784 Rem-lx
455 1747 576 1782 media
593 1746 720 1781 colore
741 1757 785 1779 eo
802 1757 875 1793 quo
897 1749 1065 1780 tectrices
1079 1743 1230 1779 alarum.
1246 1743 1412 1791 Sequens
1427 1749 1540 1792 apicis
1555 1749 1719 1791 margine
1734 1743 1821 1779 albo

208 1816 368 1855 augetur.
390 1806 537 1840 Tertiae
556 1805 629 1851 jam
649 1815 744 1852 apex
763 1801 909 1837 macula
925 1801 1009 1836 alba
1029 1807 1230 1849 insignitur.
1257 1803 1300 1836 In
1319 1810 1447 1849 quarta
1470 1813 1591 1836 versus
1605 1800 1707 1835 basin
1727 1813 1823 1836 mar-

209 1869 301 1913 ginis
328 1868 508 1897 interioris
541 1871 610 1896 tres
639 1859 807 1895 maculae
834 1858 940 1894 albae
967 1868 1146 1907 apparent
1161 1873 1169 1903 3
1203 1864 1241 1893 in
1267 1864 1395 1907 quinta
1419 1868 1576 1907 quatuor
1596 1857 1764 1894 maculae
1787 1869 1824 1894 et

209 1933 335 1969 margo
363 1925 523 1954 exterior
552 1918 666 1954 albus.
696 1919 737 1953 In
765 1916 893 1952 ultima
915 1925 1013 1951 totus
1040 1927 1166 1963 margo
1192 1921 1350 1951 exterior
1378 1915 1483 1950 albus
1516 1920 1678 1964 exceptis
1710 1915 1824 1950 tribus

208 1977 361 2014 maculis
383 1976 430 2012 ad
450 1975 613 2011 rhachin.
643 1978 799 2011 Interior
822 1985 949 2021 margo
974 1972 1127 2008 maculis
1151 1985 1214 2007 sex
1233 1973 1325 2009 albis
1344 1979 1507 2021 margine
1530 1972 1824 2008 cohaerentibus.

209 2034 368 2071 Rhachis
396 2034 493 2069 fusca
525 2039 758 2069 continuatur
786 2038 825 2068 in
852 2029 1039 2067 maculam
1065 2029 1190 2066 albam
1216 2036 1327 2067 trium
1356 2037 1578 2067 exteriorum
1606 2035 1824 2076 recti-icum,

210 2105 366 2141 eamque
382 2091 572 2126 cordatam
587 2090 706 2126 efficit.

282 2149 497 2185 Abdomen
513 2147 649 2183 album.

281 2205 407 2241 Pedes
430 2210 695 2241 cinerascentes
715 2203 967 2253 semipalmati.
