<?xml version="1.0" encoding="UTF-8"?>
<!DOCTYPE html PUBLIC "-//W3C//DTD XHTML 1.0 Transitional//EN"
    "http://www.w3.org/TR/xhtml1/DTD/xhtml1-transitional.dtd">
<html xmlns="http://www.w3.org/1999/xhtml" xml:lang="en" lang="en">
 <head>
  <title>
</title>
<meta http-equiv="Content-Type" content="text/html;charset=utf-8" />
  <meta name='ocr-system' content='tesseract 3.04.00' />
  <meta name='ocr-capabilities' content='ocr_page ocr_carea ocr_par ocr_line ocrx_word'/>
</head>
<body>
  <div class='ocr_page' id='page_1' title='image "./observationeszoo00herm_0150.png"; bbox 0 0 2054 2748; ppageno 0'>
   <div class='ocr_carea' id='block_1_1' title="bbox 266 146 1531 196">
    <p class='ocr_par' dir='ltr' id='par_1_1' title="bbox 266 146 1531 196">
     <span class='ocr_line' id='line_1_1' title="bbox 266 146 1531 196; baseline 0 -15"><span class='ocrx_word' id='word_1_1' title='bbox 266 146 341 196; x_wconf 53' lang='lat'><strong>¹35}</strong></span> <span class='ocrx_word' id='word_1_2' title='bbox 633 147 1110 181; x_wconf 75' lang='lat' dir='ltr'>OBSERVATIONES</span> <span class='ocrx_word' id='word_1_3' title='bbox 1152 149 1531 181; x_wconf 82' lang='lat' dir='ltr'>ZOOLOGICAE.</span> 
     </span>
    </p>
   </div>
   <div class='ocr_carea' id='block_1_2' title="bbox 255 232 1870 568">
    <p class='ocr_par' dir='ltr' id='par_1_2' title="bbox 329 232 1647 284">
     <span class='ocr_line' id='line_1_2' title="bbox 329 232 1647 284; baseline -0.001 -13"><span class='ocrx_word' id='word_1_4' title='bbox 329 236 390 271; x_wconf 79' lang='lat' dir='ltr'><strong>Ad</strong></span> <span class='ocrx_word' id='word_1_5' title='bbox 406 236 588 284; x_wconf 84' lang='lat' dir='ltr'><strong>Trogonis</strong></span> <span class='ocrx_word' id='word_1_6' title='bbox 601 249 715 284; x_wconf 83' lang='lat' dir='ltr'><strong>genus</strong></span> <span class='ocrx_word' id='word_1_7' title='bbox 734 240 923 283; x_wconf 87' lang='lat' dir='ltr'><strong>pertinere.</strong></span> <span class='ocrx_word' id='word_1_8' title='bbox 951 232 1104 269; x_wconf 82' lang='lat' dir='ltr'><em>Pallas.</em></span> <span class='ocrx_word' id='word_1_9' title='bbox 1123 233 1245 270; x_wconf 76' lang='lat' dir='ltr'><strong>Nor-cl.</strong></span> <span class='ocrx_word' id='word_1_10' title='bbox 1260 234 1388 281; x_wconf 76' lang='lat' dir='ltr'><strong>Beycr.</strong></span> <span class='ocrx_word' id='word_1_11' title='bbox 1415 235 1456 270; x_wconf 84' lang='lat' dir='ltr'><strong>T.</strong></span> <span class='ocrx_word' id='word_1_12' title='bbox 1472 236 1551 270; x_wconf 91' lang='lat' dir='ltr'><em>III.</em></span> <span class='ocrx_word' id='word_1_13' title='bbox 1564 247 1602 283; x_wconf 81' lang='lat' dir='ltr'><strong>p.</strong></span> <span class='ocrx_word' id='word_1_14' title='bbox 1617 234 1647 269; x_wconf 73' lang='grc' dir='ltr'><strong>Ξ.</strong></span> 
     </span>
    </p>

    <p class='ocr_par' dir='ltr' id='par_1_3' title="bbox 255 290 1870 568">
     <span class='ocr_line' id='line_1_3' title="bbox 330 290 1869 342; baseline 0 -14"><span class='ocrx_word' id='word_1_15' title='bbox 330 295 453 340; x_wconf 83' lang='lat' dir='ltr'><strong>Quam</strong></span> <span class='ocrx_word' id='word_1_16' title='bbox 472 292 598 342; x_wconf 87' lang='lat' dir='ltr'><strong>pulcra</strong></span> <span class='ocrx_word' id='word_1_17' title='bbox 617 299 662 328; x_wconf 85' lang='lat' dir='ltr'><strong>sit</strong></span> <span class='ocrx_word' id='word_1_18' title='bbox 679 298 752 327; x_wconf 82' lang='lat' dir='ltr'><strong>avis</strong></span> <span class='ocrx_word' id='word_1_19' title='bbox 772 301 808 326; x_wconf 91' lang='lat' dir='ltr'><strong>et</strong></span> <span class='ocrx_word' id='word_1_20' title='bbox 831 290 1003 338; x_wconf 79' lang='lat' dir='ltr'>elegans,</span> <span class='ocrx_word' id='word_1_21' title='bbox 1023 291 1181 339; x_wconf 81' lang='lat' dir='ltr'><strong>gestibus</strong></span> <span class='ocrx_word' id='word_1_22' title='bbox 1201 296 1303 339; x_wconf 84' lang='lat' dir='ltr'><strong>quasi</strong></span> <span class='ocrx_word' id='word_1_23' title='bbox 1325 297 1537 327; x_wconf 83' lang='lat' dir='ltr'><strong>meretriciis</strong></span> <span class='ocrx_word' id='word_1_24' title='bbox 1553 321 1562 337; x_wconf 89' lang='lat'>,</span> <span class='ocrx_word' id='word_1_25' title='bbox 1586 297 1625 327; x_wconf 84' lang='lat' dir='ltr'><strong>in</strong></span> <span class='ocrx_word' id='word_1_26' title='bbox 1645 296 1794 327; x_wconf 81' lang='lat' dir='ltr'><strong>summis</strong></span> <span class='ocrx_word' id='word_1_27' title='bbox 1812 304 1869 329; x_wconf 89' lang='lat' dir='ltr'><strong>ra-</strong></span> 
     </span>
     <span class='ocr_line' id='line_1_4' title="bbox 256 347 1869 399; baseline -0.001 -14"><span class='ocrx_word' id='word_1_28' title='bbox 256 350 365 386; x_wconf 84' lang='lat' dir='ltr'><strong>mulis</strong></span> <span class='ocrx_word' id='word_1_29' title='bbox 388 351 547 399; x_wconf 77' lang='lat' dir='ltr'><strong>degens,</strong></span> <span class='ocrx_word' id='word_1_30' title='bbox 575 360 610 385; x_wconf 83' lang='lat' dir='ltr'><strong>et</strong></span> <span class='ocrx_word' id='word_1_31' title='bbox 638 348 795 384; x_wconf 76' lang='lat' dir='ltr'><strong>difficilis</strong></span> <span class='ocrx_word' id='word_1_32' title='bbox 822 353 1020 396; x_wconf 81' lang='lat' dir='ltr'><strong>acquisitu,</strong></span> <span class='ocrx_word' id='word_1_33' title='bbox 1044 348 1247 396; x_wconf 77' lang='lat' dir='ltr'><strong>frugivora‚</strong></span> <span class='ocrx_word' id='word_1_34' title='bbox 1279 347 1385 382; x_wconf 88' lang='lat' dir='ltr'><strong>nullo</strong></span> <span class='ocrx_word' id='word_1_35' title='bbox 1409 348 1502 383; x_wconf 81' lang='lat' dir='ltr'><strong>adeo</strong></span> <span class='ocrx_word' id='word_1_36' title='bbox 1532 348 1647 384; x_wconf 89' lang='lat' dir='ltr'><strong>modo</strong></span> <span class='ocrx_word' id='word_1_37' title='bbox 1672 349 1719 384; x_wconf 87' lang='lat' dir='ltr'><strong>ad</strong></span> <span class='ocrx_word' id='word_1_38' title='bbox 1746 349 1869 384; x_wconf 84' lang='lat' dir='ltr'><strong>cuculi</strong></span> 
     </span>
     <span class='ocr_line' id='line_1_5' title="bbox 258 404 1869 457; baseline -0.001 -13"><span class='ocrx_word' id='word_1_39' title='bbox 258 421 372 457; x_wconf 82' lang='lat' dir='ltr'><strong>genus</strong></span> <span class='ocrx_word' id='word_1_40' title='bbox 391 414 587 457; x_wconf 81' lang='lat' dir='ltr'><strong>pertinens.</strong></span> <span class='ocrx_word' id='word_1_41' title='bbox 605 405 686 440; x_wconf 85' lang='lat' dir='ltr'><strong>Vid.</strong></span> <span class='ocrx_word' id='word_1_42' title='bbox 710 405 766 439; x_wconf 80' lang='lat' dir='ltr'><strong>Le</strong></span> <span class='ocrx_word' id='word_1_43' title='bbox 791 404 988 441; x_wconf 69' lang='lat' dir='ltr'><em>Vaillcmc.</em></span> <span class='ocrx_word' id='word_1_44' title='bbox 1013 408 1061 441; x_wconf 75' lang='lat' dir='ltr'><strong>Ic.</strong></span> <span class='ocrx_word' id='word_1_45' title='bbox 1084 408 1126 440; x_wconf 73' lang='lat' dir='ltr'><strong>in</strong></span> <span class='ocrx_word' id='word_1_46' title='bbox 1152 409 1262 440; x_wconf 75' lang='lat' dir='ltr'><strong>incer.</strong></span> <span class='ocrx_word' id='word_1_47' title='bbox 1281 405 1409 453; x_wconf 80' lang='lat' dir='ltr'><strong>Afric.</strong></span> <span class='ocrx_word' id='word_1_48' title='bbox 1430 406 1462 441; x_wconf 91' lang='lat' dir='ltr'><strong>I.</strong></span> <span class='ocrx_word' id='word_1_49' title='bbox 1489 418 1587 441; x_wconf 82' lang='lat' dir='ltr'><strong>vers,</strong></span> <span class='ocrx_word' id='word_1_50' title='bbox 1608 419 1730 453; x_wconf 76' lang='lat' dir='ltr'><strong>germ.</strong></span> <span class='ocrx_word' id='word_1_51' title='bbox 1749 420 1785 455; x_wconf 84' lang='lat' dir='ltr'><strong>p.</strong></span> <span class='ocrx_word' id='word_1_52' title='bbox 1812 405 1869 453; x_wconf 76' lang='grc'><strong>96,</strong></span> 
     </span>
     <span class='ocr_line' id='line_1_6' title="bbox 255 461 1870 514; baseline -0.002 -14"><span class='ocrx_word' id='word_1_53' title='bbox 255 466 354 514; x_wconf 73' lang='lat' dir='ltr'><em>gall.</em></span> <span class='ocrx_word' id='word_1_54' title='bbox 384 467 425 501; x_wconf 88' lang='lat' dir='ltr'><strong>T.</strong></span> <span class='ocrx_word' id='word_1_55' title='bbox 448 468 478 500; x_wconf 94' lang='lat' dir='ltr'><strong>I.</strong></span> <span class='ocrx_word' id='word_1_56' title='bbox 499 478 537 513; x_wconf 82' lang='lat' dir='ltr'><strong>p.</strong></span> <span class='ocrx_word' id='word_1_57' title='bbox 557 463 630 499; x_wconf 87' lang='lat'>152.</span> <span class='ocrx_word' id='word_1_58' title='bbox 658 464 738 511; x_wconf 88' lang='lat' dir='ltr'><strong>Ipse</strong></span> <span class='ocrx_word' id='word_1_59' title='bbox 758 461 931 497; x_wconf 81' lang='lat' dir='ltr'>nidificat.</span> <span class='ocrx_word' id='word_1_60' title='bbox 959 464 1105 498; x_wconf 82' lang='lat' dir='ltr'>Novam</span> <span class='ocrx_word' id='word_1_61' title='bbox 1126 468 1287 511; x_wconf 85' lang='lat' dir='ltr'><strong>speeiem</strong></span> <span class='ocrx_word' id='word_1_62' title='bbox 1307 462 1539 510; x_wconf 79' lang='lat' dir='ltr'><strong>(varietatem</strong></span> <span class='ocrx_word' id='word_1_63' title='bbox 1556 463 1683 510; x_wconf 83' lang='lat' dir='ltr'><strong>vocat)</strong></span> <span class='ocrx_word' id='word_1_64' title='bbox 1703 468 1742 498; x_wconf 89' lang='lat' dir='ltr'><strong>in</strong></span> <span class='ocrx_word' id='word_1_65' title='bbox 1767 465 1870 498; x_wconf 84' lang='lat' dir='ltr'><strong>Hou—</strong></span> 
     </span>
     <span class='ocr_line' id='line_1_7' title="bbox 257 519 1372 568; baseline -0.003 -10"><span class='ocrx_word' id='word_1_66' title='bbox 257 534 484 559; x_wconf 86' lang='lat' dir='ltr'><strong>zouanorum</strong></span> <span class='ocrx_word' id='word_1_67' title='bbox 504 526 664 568; x_wconf 77' lang='lat' dir='ltr'><strong>regione.</strong></span> <span class='ocrx_word' id='word_1_68' title='bbox 685 519 842 556; x_wconf 82' lang='lat' dir='ltr'><em>Second</em></span> <span class='ocrx_word' id='word_1_69' title='bbox 859 532 1042 568; x_wconf 73' lang='lat' dir='ltr'><strong>voyage,</strong></span> <span class='ocrx_word' id='word_1_70' title='bbox 1071 520 1112 555; x_wconf 88' lang='lat' dir='ltr'><strong>T.</strong></span> <span class='ocrx_word' id='word_1_71' title='bbox 1138 521 1216 555; x_wconf 86' lang='lat' dir='ltr'><em>III.</em></span> <span class='ocrx_word' id='word_1_72' title='bbox 1234 533 1271 567; x_wconf 82' lang='lat' dir='ltr'><strong>p.</strong></span> <span class='ocrx_word' id='word_1_73' title='bbox 1293 520 1372 555; x_wconf 81' lang='lat'><strong>251.</strong></span> 
     </span>
    </p>
   </div>
   <div class='ocr_carea' id='block_1_3' title="bbox 726 624 1406 669">
    <p class='ocr_par' dir='ltr' id='par_1_4' title="bbox 726 624 1406 669">
     <span class='ocr_line' id='line_1_8' title="bbox 726 624 1406 669; baseline -0.003 0"><span class='ocrx_word' id='word_1_74' title='bbox 726 624 964 669; x_wconf 90' lang='lat' dir='ltr'>PICUS</span> <span class='ocrx_word' id='word_1_75' title='bbox 1016 624 1406 667; x_wconf 87' lang='lat' dir='ltr'><strong>MARTIUS.</strong></span> 
     </span>
    </p>
   </div>
   <div class='ocr_carea' id='block_1_4' title="bbox 256 720 1874 946">
    <p class='ocr_par' dir='ltr' id='par_1_5' title="bbox 256 720 1874 946">
     <span class='ocr_line' id='line_1_9' title="bbox 328 720 1872 768; baseline -0.003 -8"><span class='ocrx_word' id='word_1_76' title='bbox 328 728 485 761; x_wconf 79' lang='lat' dir='ltr'><strong>NULLUS</strong></span> <span class='ocrx_word' id='word_1_77' title='bbox 520 723 612 759; x_wconf 77' lang='lat' dir='ltr'><strong>alius</strong></span> <span class='ocrx_word' id='word_1_78' title='bbox 638 723 722 759; x_wconf 87' lang='lat' dir='ltr'><strong>huic</strong></span> <span class='ocrx_word' id='word_1_79' title='bbox 752 723 931 758; x_wconf 83' lang='lat' dir='ltr'>accedens</span> <span class='ocrx_word' id='word_1_80' title='bbox 958 728 997 758; x_wconf 86' lang='lat' dir='ltr'><strong>in</strong></span> <span class='ocrx_word' id='word_1_81' title='bbox 1018 728 1130 759; x_wconf 85' lang='lat' dir='ltr'><strong>veteri</strong></span> <span class='ocrx_word' id='word_1_82' title='bbox 1153 727 1380 757; x_wconf 82' lang='lat' dir='ltr'><strong>continente.</strong></span> <span class='ocrx_word' id='word_1_83' title='bbox 1409 720 1485 757; x_wconf 88' lang='lat' dir='ltr'><strong>Sed</strong></span> <span class='ocrx_word' id='word_1_84' title='bbox 1507 726 1594 757; x_wconf 80' lang='lat' dir='ltr'><strong>varii</strong></span> <span class='ocrx_word' id='word_1_85' title='bbox 1625 721 1687 756; x_wconf 80' lang='lat' dir='ltr'><strong>alii</strong></span> <span class='ocrx_word' id='word_1_86' title='bbox 1712 725 1806 768; x_wconf 81' lang='lat' dir='ltr'><strong>nigri</strong></span> <span class='ocrx_word' id='word_1_87' title='bbox 1834 726 1872 756; x_wconf 85' lang='lat' dir='ltr'><strong>in</strong></span> 
     </span>
     <span class='ocr_line' id='line_1_10' title="bbox 258 777 1874 830; baseline -0.003 -13"><span class='ocrx_word' id='word_1_88' title='bbox 258 784 437 817; x_wconf 82' lang='lat' dir='ltr'><strong>America.</strong></span> <span class='ocrx_word' id='word_1_89' title='bbox 466 781 557 817; x_wconf 87' lang='lat' dir='ltr'><strong>Inde</strong></span> <span class='ocrx_word' id='word_1_90' title='bbox 582 787 757 830; x_wconf 78' lang='lat' dir='ltr'><strong>supponit</strong></span> <span class='ocrx_word' id='word_1_91' title='bbox 777 780 967 815; x_wconf 86' lang='lat' dir='ltr'><strong>Buffonius</strong></span> <span class='ocrx_word' id='word_1_92' title='bbox 993 779 1054 828; x_wconf 78' lang='lat' dir='ltr'><strong>(ut</strong></span> <span class='ocrx_word' id='word_1_93' title='bbox 1074 779 1216 828; x_wconf 86' lang='lat' dir='ltr'><strong>aliquid</strong></span> <span class='ocrx_word' id='word_1_94' title='bbox 1235 779 1369 814; x_wconf 77' lang='lat' dir='ltr'><strong>dixisse</strong></span> <span class='ocrx_word' id='word_1_95' title='bbox 1388 779 1555 815; x_wconf 76' lang='lat' dir='ltr'><strong>videatur</strong></span> <span class='ocrx_word' id='word_1_96' title='bbox 1577 777 1695 824; x_wconf 85' lang='lat' dir='ltr'><strong>novi,)</strong></span> <span class='ocrx_word' id='word_1_97' title='bbox 1723 790 1808 812; x_wconf 82' lang='lat' dir='ltr'><strong>eum</strong></span> <span class='ocrx_word' id='word_1_98' title='bbox 1827 790 1874 812; x_wconf 80' lang='lat' dir='ltr'><strong>ex</strong></span> 
     </span>
     <span class='ocr_line' id='line_1_11' title="bbox 259 836 1873 882; baseline -0.002 -9"><span class='ocrx_word' id='word_1_99' title='bbox 259 840 429 875; x_wconf 84' lang='lat' dir='ltr'><strong>America</strong></span> <span class='ocrx_word' id='word_1_100' title='bbox 455 839 501 874; x_wconf 80' lang='lat' dir='ltr'><strong>ad</strong></span> <span class='ocrx_word' id='word_1_101' title='bbox 524 852 591 874; x_wconf 87' lang='lat' dir='ltr'><strong>nos</strong></span> <span class='ocrx_word' id='word_1_102' title='bbox 619 838 817 874; x_wconf 80' lang='lat' dir='ltr'><strong>advenisse.</strong></span> <span class='ocrx_word' id='word_1_103' title='bbox 850 839 936 872; x_wconf 87' lang='lat' dir='ltr'><strong>Heu</strong></span> <span class='ocrx_word' id='word_1_104' title='bbox 968 836 1077 872; x_wconf 90' lang='lat' dir='ltr'><strong>mihi!</strong></span> <span class='ocrx_word' id='word_1_105' title='bbox 1102 839 1161 872; x_wconf 85' lang='lat' dir='ltr'><strong>Ex</strong></span> <span class='ocrx_word' id='word_1_106' title='bbox 1190 842 1421 881; x_wconf 83' lang='lat' dir='ltr'><strong>recentiore,</strong></span> <span class='ocrx_word' id='word_1_107' title='bbox 1446 837 1592 882; x_wconf 89' lang='lat' dir='ltr'><strong>juniore</strong></span> <span class='ocrx_word' id='word_1_108' title='bbox 1628 845 1744 880; x_wconf 83' lang='lat' dir='ltr'><strong>terra,</strong></span> <span class='ocrx_word' id='word_1_109' title='bbox 1770 836 1873 880; x_wconf 84' lang='lat' dir='ltr'><strong>juxta</strong></span> 
     </span>
     <span class='ocr_line' id='line_1_12' title="bbox 256 893 1166 946; baseline -0.003 -14"><span class='ocrx_word' id='word_1_110' title='bbox 256 897 399 946; x_wconf 78' lang='lat' dir='ltr'><strong>ipsum!</strong></span> <span class='ocrx_word' id='word_1_111' title='bbox 427 897 525 943; x_wconf 77' lang='lat' dir='ltr'><strong>Ergo</strong></span> <span class='ocrx_word' id='word_1_112' title='bbox 544 901 746 944; x_wconf 81' lang='lat' dir='ltr'><strong>antiquitus</strong></span> <span class='ocrx_word' id='word_1_113' title='bbox 766 897 916 943; x_wconf 83' lang='lat' dir='ltr'><strong>Europa</strong></span> <span class='ocrx_word' id='word_1_114' title='bbox 935 893 1002 930; x_wconf 90' lang='lat' dir='ltr'><strong>illo</strong></span> <span class='ocrx_word' id='word_1_115' title='bbox 1023 894 1166 930; x_wconf 70' lang='lat' dir='ltr'><strong>caruit?</strong></span> 
     </span>
    </p>
   </div>
   <div class='ocr_carea' id='block_1_5' title="bbox 712 997 1424 1042">
    <p class='ocr_par' dir='ltr' id='par_1_6' title="bbox 712 997 1424 1042">
     <span class='ocr_line' id='line_1_13' title="bbox 712 997 1424 1042; baseline -0.004 -1"><span class='ocrx_word' id='word_1_116' title='bbox 712 998 952 1042; x_wconf 89' lang='lat' dir='ltr'>PICUS</span> <span class='ocrx_word' id='word_1_117' title='bbox 990 997 1424 1042; x_wconf 91' lang='lat' dir='ltr'><strong>LINEATUS.</strong></span> 
     </span>
    </p>
   </div>
   <div class='ocr_carea' id='block_1_6' title="bbox 258 1092 1874 1245">
    <p class='ocr_par' dir='ltr' id='par_1_7' title="bbox 258 1092 1874 1245">
     <span class='ocr_line' id='line_1_14' title="bbox 331 1092 1874 1141; baseline -0.003 -9"><span class='ocrx_word' id='word_1_118' title='bbox 331 1101 460 1133; x_wconf 80' lang='lat' dir='ltr'><strong>HuJus</strong></span> <span class='ocrx_word' id='word_1_119' title='bbox 480 1097 614 1131; x_wconf 86' lang='lat' dir='ltr'><strong>femina</strong></span> <span class='ocrx_word' id='word_1_120' title='bbox 634 1097 777 1131; x_wconf 79' lang='lat' dir='ltr'><strong>Parisiis</strong></span> <span class='ocrx_word' id='word_1_121' title='bbox 800 1108 822 1130; x_wconf 83' lang='lat' dir='ltr'>a</span> <span class='ocrx_word' id='word_1_122' title='bbox 841 1094 1005 1140; x_wconf 82' lang='lat' dir='ltr'><strong>Geofroy</strong></span> <span class='ocrx_word' id='word_1_123' title='bbox 1031 1095 1124 1130; x_wconf 88' lang='lat' dir='ltr'><strong>mihi</strong></span> <span class='ocrx_word' id='word_1_124' title='bbox 1147 1100 1252 1129; x_wconf 82' lang='lat' dir='ltr'><strong>missa</strong></span> <span class='ocrx_word' id='word_1_125' title='bbox 1267 1122 1276 1138; x_wconf 89' lang='lat'>,</span> <span class='ocrx_word' id='word_1_126' title='bbox 1307 1099 1461 1128; x_wconf 87' lang='lat' dir='ltr'><strong>nomine</strong></span> <span class='ocrx_word' id='word_1_127' title='bbox 1483 1092 1752 1140; x_wconf 72' lang='lat' dir='ltr'><strong>Clmrpencier,</strong></span> <span class='ocrx_word' id='word_1_128' title='bbox 1772 1092 1874 1141; x_wconf 82' lang='lat' dir='ltr'><strong>quod</strong></span> 
     </span>
     <span class='ocr_line' id='line_1_15' title="bbox 259 1149 1874 1203; baseline -0.004 -13"><span class='ocrx_word' id='word_1_129' title='bbox 259 1155 410 1203; x_wconf 83' lang='lat' dir='ltr'><strong>quidem</strong></span> <span class='ocrx_word' id='word_1_130' title='bbox 429 1160 641 1201; x_wconf 81' lang='lat' dir='ltr'><strong>genericum</strong></span> <span class='ocrx_word' id='word_1_131' title='bbox 663 1162 727 1190; x_wconf 83' lang='lat' dir='ltr'><strong>est.</strong></span> <span class='ocrx_word' id='word_1_132' title='bbox 747 1155 809 1187; x_wconf 89' lang='lat' dir='ltr'><strong>Iris</strong></span> <span class='ocrx_word' id='word_1_133' title='bbox 831 1152 959 1200; x_wconf 82' lang='lat' dir='ltr'><strong>pulcre</strong></span> <span class='ocrx_word' id='word_1_134' title='bbox 979 1151 1078 1188; x_wconf 84' lang='lat' dir='ltr'><strong>[lava.</strong></span> <span class='ocrx_word' id='word_1_135' title='bbox 1107 1150 1206 1186; x_wconf 85' lang='lat' dir='ltr'><strong>Gula</strong></span> <span class='ocrx_word' id='word_1_136' title='bbox 1227 1149 1444 1198; x_wconf 88' lang='lat' dir='ltr'><strong>collumque</strong></span> <span class='ocrx_word' id='word_1_137' title='bbox 1461 1156 1584 1186; x_wconf 82' lang='lat' dir='ltr'><strong>antice</strong></span> <span class='ocrx_word' id='word_1_138' title='bbox 1603 1155 1715 1197; x_wconf 78' lang='lat' dir='ltr'><strong>nigra.</strong></span> <span class='ocrx_word' id='word_1_139' title='bbox 1739 1151 1874 1185; x_wconf 80' lang='lat' dir='ltr'><strong>Discus</strong></span> 
     </span>
     <span class='ocr_line' id='line_1_16' title="bbox 258 1208 681 1245; baseline -0.005 0"><span class='ocrx_word' id='word_1_140' title='bbox 258 1211 401 1245; x_wconf 83' lang='lat' dir='ltr'><strong>alarum</strong></span> <span class='ocrx_word' id='word_1_141' title='bbox 420 1210 546 1245; x_wconf 80' lang='lat' dir='ltr'><strong>subtus</strong></span> <span class='ocrx_word' id='word_1_142' title='bbox 568 1208 681 1244; x_wconf 81' lang='lat' dir='ltr'><strong>albus.</strong></span> 
     </span>
    </p>
   </div>
   <div class='ocr_carea' id='block_1_7' title="bbox 595 1310 1540 1357">
    <p class='ocr_par' dir='ltr' id='par_1_8' title="bbox 595 1310 1540 1357">
     <span class='ocr_line' id='line_1_17' title="bbox 595 1310 1540 1357; baseline -0.003 0"><span class='ocrx_word' id='word_1_143' title='bbox 595 1312 835 1357; x_wconf 83' lang='lat' dir='ltr'>PICUS</span> <span class='ocrx_word' id='word_1_144' title='bbox 887 1311 1323 1356; x_wconf 87' lang='lat' dir='ltr'>SORDIDUS.</span> <span class='ocrx_word' id='word_1_145' title='bbox 1375 1310 1540 1355; x_wconf 86' lang='lat' dir='ltr'><strong>Nobis.</strong></span> 
     </span>
    </p>
   </div>
   <div class='ocr_carea' id='block_1_8' title="bbox 260 1406 1876 1568">
    <p class='ocr_par' dir='ltr' id='par_1_9' title="bbox 260 1406 1876 1568">
     <span class='ocr_line' id='line_1_18' title="bbox 336 1406 1876 1455; baseline -0.001 -10"><span class='ocrx_word' id='word_1_146' title='bbox 336 1411 527 1446; x_wconf 70' lang='lat' dir='ltr'><strong>Cristatus</strong></span> <span class='ocrx_word' id='word_1_147' title='bbox 546 1437 554 1450; x_wconf 77' lang='grc'><strong><em>,</em></strong></span> <span class='ocrx_word' id='word_1_148' title='bbox 594 1409 752 1450; x_wconf 64' lang='lat' dir='ltr'><strong>lateus,</strong></span> <span class='ocrx_word' id='word_1_149' title='bbox 784 1407 999 1455; x_wconf 71' lang='lat' dir='ltr'><strong>remigibus</strong></span> <span class='ocrx_word' id='word_1_150' title='bbox 1018 1408 1286 1455; x_wconf 68' lang='lat' dir='ltr'><strong>ferrugineis,</strong></span> <span class='ocrx_word' id='word_1_151' title='bbox 1318 1406 1543 1443; x_wconf 73' lang='lat' dir='ltr'><strong>rectricibus</strong></span> <span class='ocrx_word' id='word_1_152' title='bbox 1575 1409 1727 1455; x_wconf 78' lang='lat' dir='ltr'><strong>nigris,</strong></span> <span class='ocrx_word' id='word_1_153' title='bbox 1765 1408 1876 1444; x_wconf 73' lang='lat' dir='ltr'><strong>linea</strong></span> 
     </span>
     <span class='ocr_line' id='line_1_19' title="bbox 260 1463 1137 1515; baseline -0.007 -11"><span class='ocrx_word' id='word_1_154' title='bbox 260 1470 489 1515; x_wconf 74' lang='lat' dir='ltr'><strong>sanguinea</strong></span> <span class='ocrx_word' id='word_1_155' title='bbox 503 1465 575 1501; x_wconf 71' lang='lat' dir='ltr'><strong>sub</strong></span> <span class='ocrx_word' id='word_1_156' title='bbox 597 1465 725 1500; x_wconf 69' lang='lat' dir='ltr'><strong>oculis</strong></span> <span class='ocrx_word' id='word_1_157' title='bbox 744 1464 799 1499; x_wconf 84' lang='lat' dir='ltr'><strong>ad</strong></span> <span class='ocrx_word' id='word_1_158' title='bbox 818 1473 986 1499; x_wconf 63' lang='lat' dir='ltr'><strong>roscium</strong></span> <span class='ocrx_word' id='word_1_159' title='bbox 1004 1463 1137 1499; x_wconf 70' lang='lat' dir='ltr'><strong>ducta.</strong></span> 
     </span>
     <span class='ocr_line' id='line_1_20' title="bbox 335 1519 1825 1568; baseline -0.001 -9"><span class='ocrx_word' id='word_1_160' title='bbox 335 1524 483 1560; x_wconf 81' lang='lat' dir='ltr'><strong>Statura</strong></span> <span class='ocrx_word' id='word_1_161' title='bbox 506 1529 600 1558; x_wconf 86' lang='lat' dir='ltr'><strong>inter</strong></span> <span class='ocrx_word' id='word_1_162' title='bbox 615 1522 821 1557; x_wconf 82' lang='lat' dir='ltr'><strong>mediocres</strong></span> <span class='ocrx_word' id='word_1_163' title='bbox 842 1531 878 1556; x_wconf 85' lang='lat' dir='ltr'><strong>et</strong></span> <span class='ocrx_word' id='word_1_164' title='bbox 896 1526 1069 1556; x_wconf 85' lang='lat' dir='ltr'><strong>minores.</strong></span> <span class='ocrx_word' id='word_1_165' title='bbox 1098 1519 1302 1568; x_wconf 82' lang='lat' dir='ltr'><strong>Inelegans.</strong></span> <span class='ocrx_word' id='word_1_166' title='bbox 1323 1520 1386 1555; x_wconf 85' lang='lat' dir='ltr'><strong>An</strong></span> <span class='ocrx_word' id='word_1_167' title='bbox 1401 1520 1494 1556; x_wconf 89' lang='lat' dir='ltr'><strong>forte</strong></span> <span class='ocrx_word' id='word_1_168' title='bbox 1512 1519 1649 1557; x_wconf 77' lang='lat' dir='ltr'><strong>semina</strong></span> <span class='ocrx_word' id='word_1_169' title='bbox 1666 1521 1795 1558; x_wconf 75' lang='lat' dir='ltr'><strong>undatt</strong></span> <span class='ocrx_word' id='word_1_170' title='bbox 1809 1523 1825 1557; x_wconf 63' lang='grc' dir='ltr'><strong>ἶ)</strong></span> 
     </span>
    </p>
   </div>
   <div class='ocr_carea' id='block_1_9' title="bbox 789 1625 1362 1669">
    <p class='ocr_par' dir='ltr' id='par_1_10' title="bbox 789 1625 1362 1669">
     <span class='ocr_line' id='line_1_21' title="bbox 789 1625 1362 1669; baseline -0.002 0"><span class='ocrx_word' id='word_1_171' title='bbox 789 1625 1028 1669; x_wconf 90' lang='lat' dir='ltr'>PICUS</span> <span class='ocrx_word' id='word_1_172' title='bbox 1075 1625 1362 1669; x_wconf 86' lang='lat' dir='ltr'><strong>MAJOR.</strong></span> 
     </span>
    </p>
   </div>
   <div class='ocr_carea' id='block_1_10' title="bbox 263 1717 1880 2283">
    <p class='ocr_par' dir='ltr' id='par_1_11' title="bbox 263 1717 1876 1815">
     <span class='ocr_line' id='line_1_22' title="bbox 333 1717 1876 1767; baseline -0.001 -10"><span class='ocrx_word' id='word_1_173' title='bbox 333 1722 522 1757; x_wconf 65' lang='lat' dir='ltr'><strong>Russnssno</strong></span> <span class='ocrx_word' id='word_1_174' title='bbox 547 1726 645 1756; x_wconf 76' lang='lat' dir='ltr'><strong>crissi</strong></span> <span class='ocrx_word' id='word_1_175' title='bbox 668 1726 706 1755; x_wconf 86' lang='lat' dir='ltr'><strong>in</strong></span> <span class='ocrx_word' id='word_1_176' title='bbox 731 1731 817 1755; x_wconf 87' lang='lat' dir='ltr'><strong>meo</strong></span> <span class='ocrx_word' id='word_1_177' title='bbox 847 1731 884 1754; x_wconf 84' lang='lat' dir='ltr'><strong>se</strong></span> <span class='ocrx_word' id='word_1_178' title='bbox 906 1718 954 1754; x_wconf 80' lang='lat' dir='ltr'><strong>ad</strong></span> <span class='ocrx_word' id='word_1_179' title='bbox 972 1731 1088 1767; x_wconf 82' lang='lat' dir='ltr'><strong>usque</strong></span> <span class='ocrx_word' id='word_1_180' title='bbox 1111 1731 1251 1767; x_wconf 82' lang='lat' dir='ltr'><strong>pennas</strong></span> <span class='ocrx_word' id='word_1_181' title='bbox 1280 1730 1375 1767; x_wconf 80' lang='lat' dir='ltr'><strong>quae</strong></span> <span class='ocrx_word' id='word_1_182' title='bbox 1402 1723 1487 1753; x_wconf 81' lang='lat' dir='ltr'><strong>tarsi</strong></span> <span class='ocrx_word' id='word_1_183' title='bbox 1506 1717 1703 1753; x_wconf 83' lang='lat' dir='ltr'><strong>articulum</strong></span> <span class='ocrx_word' id='word_1_184' title='bbox 1729 1727 1876 1766; x_wconf 78' lang='lat' dir='ltr'><strong>tegunt,</strong></span> 
     </span>
     <span class='ocr_line' id='line_1_23' title="bbox 263 1779 439 1815; baseline -0.011 0"><span class='ocrx_word' id='word_1_185' title='bbox 263 1779 439 1815; x_wconf 86' lang='lat' dir='ltr'><strong>extendit.</strong></span> 
     </span>
    </p>

    <p class='ocr_par' dir='ltr' id='par_1_12' title="bbox 264 1830 1879 2157">
     <span class='ocr_line' id='line_1_24' title="bbox 335 1830 1877 1882; baseline 0 -14"><span class='ocrx_word' id='word_1_186' title='bbox 335 1835 436 1881; x_wconf 82' lang='lat' dir='ltr'><strong>Quid</strong></span> <span class='ocrx_word' id='word_1_187' title='bbox 455 1841 604 1871; x_wconf 81' lang='lat' dir='ltr'><strong>crissum</strong></span> <span class='ocrx_word' id='word_1_188' title='bbox 623 1844 747 1879; x_wconf 81' lang='lat' dir='ltr'><strong>vocet,</strong></span> <span class='ocrx_word' id='word_1_189' title='bbox 768 1836 951 1869; x_wconf 80' lang='lat' dir='ltr'><strong>Linnaeus</strong></span> <span class='ocrx_word' id='word_1_190' title='bbox 966 1832 1100 1868; x_wconf 85' lang='lat' dir='ltr'><strong>nullibi</strong></span> <span class='ocrx_word' id='word_1_191' title='bbox 1114 1830 1320 1881; x_wconf 68' lang='lat' dir='ltr'><strong>explicavit.</strong></span> <span class='ocrx_word' id='word_1_192' title='bbox 1335 1833 1501 1881; x_wconf 83' lang='lat' dir='ltr'><strong>Apparet</strong></span> <span class='ocrx_word' id='word_1_193' title='bbox 1515 1844 1560 1866; x_wconf 84' lang='lat' dir='ltr'><strong>ex</strong></span> <span class='ocrx_word' id='word_1_194' title='bbox 1579 1832 1651 1867; x_wconf 88' lang='lat' dir='ltr'><strong>hoc</strong></span> <span class='ocrx_word' id='word_1_195' title='bbox 1667 1842 1704 1868; x_wconf 92' lang='lat' dir='ltr'><strong>et</strong></span> <span class='ocrx_word' id='word_1_196' title='bbox 1718 1844 1877 1882; x_wconf 78' lang='lat' dir='ltr'><strong>sequen-</strong></span> 
     </span>
     <span class='ocr_line' id='line_1_25' title="bbox 264 1888 1878 1942; baseline -0.002 -14"><span class='ocrx_word' id='word_1_197' title='bbox 264 1893 358 1929; x_wconf 81' lang='lat' dir='ltr'><strong>tibus</strong></span> <span class='ocrx_word' id='word_1_198' title='bbox 377 1892 580 1941; x_wconf 75' lang='lat' dir='ltr'><strong>speeieibus</strong></span> <span class='ocrx_word' id='word_1_199' title='bbox 598 1898 670 1942; x_wconf 75' lang='lat' dir='ltr'><strong>pici</strong></span> <span class='ocrx_word' id='word_1_200' title='bbox 684 1921 692 1937; x_wconf 83' lang='lat'>,</span> <span class='ocrx_word' id='word_1_201' title='bbox 714 1891 873 1939; x_wconf 81' lang='lat' dir='ltr'><strong>intelligi</strong></span> <span class='ocrx_word' id='word_1_202' title='bbox 893 1896 1085 1938; x_wconf 78' lang='lat' dir='ltr'><strong>regionem</strong></span> <span class='ocrx_word' id='word_1_203' title='bbox 1107 1895 1167 1924; x_wconf 74' lang='lat' dir='ltr'><strong>ani</strong></span> <span class='ocrx_word' id='word_1_204' title='bbox 1184 1918 1192 1933; x_wconf 82' lang='lat'>,</span> <span class='ocrx_word' id='word_1_205' title='bbox 1215 1895 1289 1925; x_wconf 84' lang='lat' dir='ltr'><strong>sive</strong></span> <span class='ocrx_word' id='word_1_206' title='bbox 1303 1895 1413 1937; x_wconf 80' lang='lat' dir='ltr'><strong>partis</strong></span> <span class='ocrx_word' id='word_1_207' title='bbox 1428 1889 1600 1925; x_wconf 83' lang='lat' dir='ltr'><strong>cordatae</strong></span> <span class='ocrx_word' id='word_1_208' title='bbox 1613 1888 1878 1937; x_wconf 80' lang='lat' dir='ltr'><strong>glanduliferae</strong></span> 
     </span>
     <span class='ocr_line' id='line_1_26' title="bbox 264 1945 1879 1999; baseline -0.002 -14"><span class='ocrx_word' id='word_1_209' title='bbox 264 1963 357 1999; x_wconf 80' lang='lat' dir='ltr'><strong>quae</strong></span> <span class='ocrx_word' id='word_1_210' title='bbox 376 1956 593 1998; x_wconf 73' lang='lat' dir='ltr'><strong>uropygmm</strong></span> <span class='ocrx_word' id='word_1_211' title='bbox 613 1950 764 1994; x_wconf 74' lang='lat' dir='ltr'><strong>dicitur⁷</strong></span> <span class='ocrx_word' id='word_1_212' title='bbox 791 1947 1021 1997; x_wconf 85' lang='lat' dir='ltr'><strong>superficiem</strong></span> <span class='ocrx_word' id='word_1_213' title='bbox 1040 1945 1259 1981; x_wconf 86' lang='lat' dir='ltr'><strong>inferiorem.</strong></span> <span class='ocrx_word' id='word_1_214' title='bbox 1287 1946 1407 1982; x_wconf 87' lang='lat' dir='ltr'><strong>Aliter</strong></span> <span class='ocrx_word' id='word_1_215' title='bbox 1433 1945 1594 1994; x_wconf 81' lang='lat' dir='ltr'><strong>explieat</strong></span> <span class='ocrx_word' id='word_1_216' title='bbox 1617 1947 1817 1981; x_wconf 70' lang='lat' dir='ltr'><strong>For-seems</strong></span> <span class='ocrx_word' id='word_1_217' title='bbox 1835 1950 1879 1982; x_wconf 68' lang='lat' dir='ltr'><strong>im</strong></span> 
     </span>
     <span class='ocr_line' id='line_1_27' title="bbox 264 2003 1878 2054; baseline -0.002 -12"><span class='ocrx_word' id='word_1_218' title='bbox 264 2007 462 2042; x_wconf 75' lang='lat' dir='ltr'><strong>Enclziricl.</strong></span> <span class='ocrx_word' id='word_1_219' title='bbox 490 2007 589 2042; x_wconf 73' lang='lat' dir='ltr'><strong>Hisc.</strong></span> <span class='ocrx_word' id='word_1_220' title='bbox 614 2008 711 2043; x_wconf 65' lang='lat' dir='ltr'><em>Nae.</em></span> <span class='ocrx_word' id='word_1_221' title='bbox 742 2006 805 2041; x_wconf 85' lang='lat' dir='ltr'><strong>ubi</strong></span> <span class='ocrx_word' id='word_1_222' title='bbox 824 2019 863 2054; x_wconf 88' lang='lat' dir='ltr'><strong>p.</strong></span> <span class='ocrx_word' id='word_1_223' title='bbox 886 2005 941 2040; x_wconf 74' lang='lat'><strong>23.</strong></span> <span class='ocrx_word' id='word_1_224' title='bbox 971 2004 1069 2039; x_wconf 76' lang='lat' dir='ltr'><strong>dicit.</strong></span> <span class='ocrx_word' id='word_1_225' title='bbox 1097 2006 1283 2038; x_wconf 83' lang='lat' dir='ltr'><strong>«Crissum</strong></span> <span class='ocrx_word' id='word_1_226' title='bbox 1307 2016 1384 2039; x_wconf 84' lang='lat' dir='ltr'><strong>esse</strong></span> <span class='ocrx_word' id='word_1_227' title='bbox 1402 2009 1569 2052; x_wconf 80' lang='lat' dir='ltr'><strong>uropygii</strong></span> <span class='ocrx_word' id='word_1_228' title='bbox 1595 2003 1689 2038; x_wconf 83' lang='lat' dir='ltr'><strong>latus</strong></span> <span class='ocrx_word' id='word_1_229' title='bbox 1707 2003 1878 2049; x_wconf 78' lang='lat' dir='ltr'><strong>inferius,</strong></span> 
     </span>
     <span class='ocr_line' id='line_1_28' title="bbox 266 2060 1879 2112; baseline -0.001 -14"><span class='ocrx_word' id='word_1_230' title='bbox 266 2081 282 2095; x_wconf 65' lang='grc' dir='ltr'><strong>ιι</strong></span> <span class='ocrx_word' id='word_1_231' title='bbox 297 2070 392 2100; x_wconf 86' lang='lat' dir='ltr'><strong>inter</strong></span> <span class='ocrx_word' id='word_1_232' title='bbox 410 2077 522 2099; x_wconf 85' lang='lat' dir='ltr'><strong>anum</strong></span> <span class='ocrx_word' id='word_1_233' title='bbox 540 2074 576 2099; x_wconf 87' lang='lat' dir='ltr'><strong>et</strong></span> <span class='ocrx_word' id='word_1_234' title='bbox 596 2070 739 2112; x_wconf 76' lang='lat' dir='ltr'><strong>apicem</strong></span> <span class='ocrx_word' id='word_1_235' title='bbox 758 2068 933 2112; x_wconf 80' lang='lat' dir='ltr'><strong>uropygii.</strong></span> <span class='ocrx_word' id='word_1_236' title='bbox 953 2076 970 2093; x_wconf 82' lang='lat'>»</span> <span class='ocrx_word' id='word_1_237' title='bbox 998 2071 1034 2096; x_wconf 81' lang='lat' dir='ltr'><strong>et</strong></span> <span class='ocrx_word' id='word_1_238' title='bbox 1054 2062 1107 2096; x_wconf 84' lang='lat' dir='ltr'><strong>n.⁰</strong></span> <span class='ocrx_word' id='word_1_239' title='bbox 1129 2060 1210 2103; x_wconf 74' lang='lat'><strong>548.</strong></span> <span class='ocrx_word' id='word_1_240' title='bbox 1239 2061 1497 2109; x_wconf 69' lang='lat' dir='ltr'><strong>«Uropygium</strong></span> <span class='ocrx_word' id='word_1_241' title='bbox 1523 2071 1629 2109; x_wconf 79' lang='lat' dir='ltr'><strong>saepe</strong></span> <span class='ocrx_word' id='word_1_242' title='bbox 1652 2072 1719 2108; x_wconf 90' lang='lat' dir='ltr'><strong>pro</strong></span> <span class='ocrx_word' id='word_1_243' title='bbox 1747 2066 1879 2109; x_wconf 82' lang='lat' dir='ltr'><strong>pennis</strong></span> 
     </span>
     <span class='ocr_line' id='line_1_29' title="bbox 266 2121 827 2157; baseline -0.004 0"><span class='ocrx_word' id='word_1_244' title='bbox 266 2121 503 2157; x_wconf 61' lang='lat' dir='ltr'><strong>·=tect1·icil)us</strong></span> <span class='ocrx_word' id='word_1_245' title='bbox 530 2121 669 2156; x_wconf 79' lang='lat' dir='ltr'><strong>caudae</strong></span> <span class='ocrx_word' id='word_1_246' title='bbox 691 2126 795 2156; x_wconf 75' lang='lat' dir='ltr'><strong>sumi.</strong></span> <span class='ocrx_word' id='word_1_247' title='bbox 810 2136 827 2151; x_wconf 65' lang='lat' dir='ltr'>n</span> 
     </span>
    </p>

    <p class='ocr_par' dir='ltr' id='par_1_13' title="bbox 266 2174 1880 2283">
     <span class='ocr_line' id='line_1_30' title="bbox 336 2174 1878 2224; baseline -0.003 -10"><span class='ocrx_word' id='word_1_248' title='bbox 336 2181 467 2214; x_wconf 84' lang='lat' dir='ltr'><strong>Picum</strong></span> <span class='ocrx_word' id='word_1_249' title='bbox 485 2178 648 2214; x_wconf 87' lang='lat' dir='ltr'><strong>medium</strong></span> <span class='ocrx_word' id='word_1_250' title='bbox 667 2190 745 2212; x_wconf 87' lang='lat' dir='ltr'><strong>non</strong></span> <span class='ocrx_word' id='word_1_251' title='bbox 764 2183 832 2212; x_wconf 76' lang='lat' dir='ltr'><strong>nisi</strong></span> <span class='ocrx_word' id='word_1_252' title='bbox 852 2182 1066 2212; x_wconf 82' lang='lat' dir='ltr'><strong>varietatem</strong></span> <span class='ocrx_word' id='word_1_253' title='bbox 1078 2187 1154 2211; x_wconf 86' lang='lat' dir='ltr'><strong>esse</strong></span> <span class='ocrx_word' id='word_1_254' title='bbox 1167 2181 1239 2224; x_wconf 82' lang='lat' dir='ltr'><strong>pici</strong></span> <span class='ocrx_word' id='word_1_255' title='bbox 1258 2176 1426 2221; x_wconf 67' lang='lat' dir='ltr'><strong>majoris,</strong></span> <span class='ocrx_word' id='word_1_256' title='bbox 1443 2174 1523 2210; x_wconf 86' lang='lat' dir='ltr'><strong>vult</strong></span> <span class='ocrx_word' id='word_1_257' title='bbox 1538 2174 1745 2218; x_wconf 78' lang='lat' dir='ltr'><strong>Buffonius3</strong></span> <span class='ocrx_word' id='word_1_258' title='bbox 1768 2180 1878 2210; x_wconf 82' lang='lat' dir='ltr'><strong>etiam</strong></span> 
     </span>
     <span class='ocr_line' id='line_1_31' title="bbox 266 2231 1880 2283; baseline -0.002 -13"><span class='ocrx_word' id='word_1_259' title='bbox 266 2236 342 2271; x_wconf 65' lang='lat' dir='ltr'><strong>vult</strong></span> <span class='ocrx_word' id='word_1_260' title='bbox 365 2237 603 2283; x_wconf 66' lang='lat' dir='ltr'><strong>Peyrousius</strong></span> <span class='ocrx_word' id='word_1_261' title='bbox 627 2238 671 2270; x_wconf 78' lang='lat' dir='ltr'><strong>in</strong></span> <span class='ocrx_word' id='word_1_262' title='bbox 695 2235 801 2272; x_wconf 85' lang='lat' dir='ltr'><strong>Nov.</strong></span> <span class='ocrx_word' id='word_1_263' title='bbox 823 2234 913 2269; x_wconf 67' lang='lat' dir='ltr'><strong>Ace.</strong></span> <span class='ocrx_word' id='word_1_264' title='bbox 929 2234 1041 2269; x_wconf 78' lang='lat' dir='ltr'><strong>Suec.</strong></span> <span class='ocrx_word' id='word_1_265' title='bbox 1067 2235 1166 2281; x_wconf 82' lang='lat'>1782.</span> <span class='ocrx_word' id='word_1_266' title='bbox 1191 2233 1310 2267; x_wconf 74' lang='lat' dir='ltr'><strong>Trinz.</strong></span> <span class='ocrx_word' id='word_1_267' title='bbox 1328 2234 1382 2266; x_wconf 89' lang='lat' dir='ltr'><strong>II.</strong></span> <span class='ocrx_word' id='word_1_268' title='bbox 1413 2242 1467 2266; x_wconf 56' lang='grc' dir='ltr'><strong>ΠΡ</strong></span> <span class='ocrx_word' id='word_1_269' title='bbox 1484 2245 1515 2267; x_wconf 87' lang='lat'><strong>2.</strong></span> <span class='ocrx_word' id='word_1_270' title='bbox 1556 2232 1628 2267; x_wconf 56' lang='lat' dir='ltr'><strong>„Sed</strong></span> <span class='ocrx_word' id='word_1_271' title='bbox 1654 2231 1776 2268; x_wconf 83' lang='lat' dir='ltr'><strong>differt</strong></span> <span class='ocrx_word' id='word_1_272' title='bbox 1798 2244 1880 2267; x_wconf 89' lang='lat' dir='ltr'><strong>om-</strong></span> 
     </span>
    </p>
   </div>
  </div>
 </body>
</html>
