2054 2748
243 174 296 224 44
609 178 1069 211 OBSERVATIONES
1115 179 1474 210 ZOOLOGICAR

241 277 288 299 nc
308 277 353 299 ex
374 270 581 314 captivitate
605 272 762 301 evaserit.
792 263 1047 299 Somniculosa
1070 273 1154 298 erat.
1183 264 1308 310 Quum
1332 263 1531 311 langueret,
1553 265 1707 301 vinculis
1728 263 1848 303 soluta

240 321 311 355 soli
330 327 492 370 exposita
514 332 587 366 est,
609 333 645 357 ct
664 336 740 357 non
761 321 917 368 amplius
939 331 1089 369 reperta.
1118 321 1205 354 Siue
1225 320 1338 355 dubio
1363 327 1482 357 evasit.
1511 323 1636 358 Gauda
1655 325 1773 369 major
1792 330 1847 372 pi-

240 378 319 413 losa
340 384 521 413 ermineac
540 379 615 414 fuit.
645 383 762 426 Caput
777 378 883 412 latius
902 387 937 413 et
954 377 1029 412 fere
1043 377 1263 425 triangulare
1284 390 1352 412 nec
1370 387 1536 423 ovatum,
1555 391 1671 427 eaque
1691 393 1847 428 propor-

241 440 343 470 tione
361 447 433 483 qua
454 446 506 470 cst
525 446 634 484 caput
655 440 777 469 martis
797 436 845 469 ad
864 444 972 482 caput
993 434 1125 470 fornae.
1153 435 1214 469 Au
1236 433 1331 469 forte
1352 447 1400 469 m.
1422 434 1627 470 bercamele
1651 438 1749 471 Cerci
1771 437 1848 472 sue-

240 492 312 526 rit'?
340 504 450 540 quam
480 495 570 527 Ictim
597 502 759 526 veterum
785 504 859 527 esse
879 502 1005 540 putat,
1033 503 1218 541 quamque
1246 491 1339 527 adeo
1360 491 1577 527 familiarem
1604 503 1641 528 et
1669 493 1849 530 ludicram

240 547 431 594 describit,
453 562 494 584 ac
513 547 699 583 Buffouius
718 561 822 584 suam
840 555 1051 585 ermineam.

314 608 399 642 Mea
421 605 590 640 musa-la
609 606 761 642 nivalis
782 606 913 653 farcta,
934 614 1210 656 comparatione
1224 614 1388 644 instituta
1410 620 1495 644 cum
1515 615 1676 644 erminea
1699 621 1847 658 praece-

241 663 373 707 dente,
393 662 483 696 milii
504 662 671 698 exhibuit
691 674 800 712 caput
823 664 935 712 longe
955 671 1161 712 angustius,
1186 678 1263 700 non
1290 665 1512 713 triangulare
1537 676 1577 701 ut
1601 672 1639 700 iu
1664 672 1824 701 erminea
1840 695 1848 711 ,

241 720 394 754 caudam
409 732 537 767 parum
563 720 742 768 pilosam,
769 721 973 756 breviorem
988 751 996 765 ‚
1017 722 1142 770 longo·
1155 722 1315 770 pilorum
1331 722 1508 771 penicillo
1531 729 1569 757 in
1590 733 1755 758 extremo
1772 735 1849 757 non

239 776 468 822 gaudentem.
491 776 605 812 Pedes
622 784 773 812 extremi
786 785 899 826 magis
914 779 1080 814 colorem
1091 779 1187 815 dorsi
1199 807 1208 825 ,
1219 786 1258 814 in
1273 785 1433 814 erminea
1449 780 1607 815 eandem
1623 792 1707 814 cum
1723 790 1848 816 ventre

238 832 449 868 albedinem
467 833 615 870 habent.
1556 869 1560 872 .

298 889 381 924 Alia
398 902 481 925 vero
495 918 502 935 7
515 892 768 938 magnitudine
784 902 821 927 et
835 893 951 928 cauda
966 905 1110 941 prorsus
1125 892 1253 927 eadem
1266 920 1273 937 ⁷
1288 892 1412 927 medio
1426 894 1561 928 Martio
1581 894 1679 939 1798.
1695 891 1847 939 (Aorb'.)

239 957 343 994 capta
364 957 473 994 caput
492 947 620 982 habuit
640 961 785 995 prorsus
806 950 1048 997 triangulare,
1068 956 1120 984 uti
1145 955 1208 984 ista
1229 950 1261 984 d.
1289 950 1337 984 ιδ.
1355 951 1457 984 Junii
1471 960 1593 997 capta,
1615 961 1708 997 quae
1726 959 1850 984 autem

239 1003 354 1037 cauda
384 1002 596 1048 disserebat,
627 1014 662 1038 et
686 1004 779 1039 forte
807 1012 968 1040 erminea
994 1008 1116 1051 junior
1142 1006 1219 1040 fuit.
1248 1007 1356 1039 Hanc
1382 1018 1467 1040 vero
1492 1006 1670 1040 diversam
1692 1011 1849 1054 speciem

239 1070 333 1103 esse,
357 1070 507 1107 apparet
527 1073 573 1094 ex
600 1073 643 1095 eo
658 1089 666 1105 ‚
690 1061 791 1108 quod
814 1062 937 1096 medio
959 1063 1093 1096 Martio
1114 1072 1284 1109 oporteat
1304 1058 1411 1096 fuisse
1430 1064 1504 1107 jam
1525 1062 1701 1098 adultam.

310 1115 393 1151 Alia
413 1122 531 1164 capite
551 1117 764 1164 triangulari
784 1118 908 1152 medio
925 1117 1126 1153 Novembri
1143 1129 1258 1166 capta.
1282 1119 1366 1167 (Tr.
1382 1117 1473 1166 Ed.)

749 1200 1010 1243 URSUS
1067 1201 1340 1243 MELES.

309 1278 366 1310 Ex
387 1289 513 1310 musco
539 1279 848 1311 Poissonneriauo
871 1278 940 1310 Λο.
965 1289 1061 1324 ¹799-
1083 1278 1227 1312 obtinui
1245 1278 1381 1312 melem
1401 1279 1468 1313 sub
1487 1287 1539 1313 n.0
1561 1279 1615 1313 32.
1639 1289 1674 1314 et
1697 1285 1849 1313 nomine

235 1331 428 1366 Blcziremc
448 1332 501 1365 ιΙιι
522 1332 657 1374 Nol-cl,
679 1338 741 1380 qui
762 1342 888 1367 nostro
908 1338 946 1367 in
967 1333 1139 1368 omnibus
1161 1334 1361 1381 respondet
1385 1344 1420 1369 et
1438 1340 1515 1369 sine
1535 1334 1647 1369 dubio
1668 1348 1766 1370 mera
1788 1349 1849 1370 va-

236 1394 343 1422 rietas
364 1397 426 1420 est.
455 1387 524 1420 Pili
548 1397 692 1420 tantum
712 1388 767 1420 illi
786 1397 870 1420 sunt
889 1388 1081 1419 molliores
1095 1413 1104 1431 ,
1126 1388 1334 1420 subtiliores
1348 1414 1356 1430 ‚
1376 1397 1550 1435 tactuque
1570 1390 1738 1424 leniores.
1768 1393 1851 1425 Fas-

237 1450 313 1479 ciae
335 1448 460 1490 capitis
483 1442 631 1476 sordide
654 1441 999 1486 luteo-albicantes,
1023 1447 1076 1476 uti
1094 1451 1129 1475 et
1151 1447 1272 1489 apices
1292 1442 1463 1490 pilorum.
1491 1443 1561 1478 Pili
1591 1444 1725 1480 molles
1752 1452 1847 1481 inte-

236 1506 348 1535 riores
372 1498 482 1541 susci3
510 1498 598 1532 inde
622 1508 719 1533 totus
740 1497 908 1532 animalis
929 1497 1034 1532 color
1057 1497 1246 1532 obscurior
1269 1499 1399 1534 evadit.

310 1555 438 1590 Meles
458 1564 606 1590 cautum
630 1555 899 1603 providumque
918 1554 1065 1590 animal.
1093 1556 1218 1589 Noctu
1235 1554 1328 1590 hora
1348 1555 1421 1589 fere
1442 1555 1584 1592 decima
1608 1563 1700 1602 exit3
1723 1565 1752 1593 si
1770 1572 1849 1595 non

237 1623 354 1649 tutam
372 1618 563 1660 repererit,
586 1622 620 1646 et
638 1618 788 1646 senserit
806 1612 953 1646 iusidias
974 1611 1040 1646 sibi
1062 1617 1172 1656 strui,
1190 1611 1364 1660 postridie
1378 1612 1489 1647 aliam
1509 1613 1621 1661 eligit.
1648 1617 1748 1649 Luna
1765 1629 1846 1663 per-

236 1680 348 1706 nocte
368 1683 387 1704 a
406 1675 552 1718 propria
574 1668 703 1704 umbra
724 1668 790 1703 sibi
811 1675 932 1712 timet,
953 1674 1040 1703 etin
1056 1668 1277 1703 obscuritate
1291 1669 1442 1704 umbrae
1460 1670 1608 1705 incedit.
1636 1672 1730 1705 Mire
1749 1682 1847 1707 amat

238 1726 393 1763 tenellas
421 1732 536 1774 spicas
559 1739 644 1761 zeae
670 1726 807 1771 maydis
828 1754 836 1770 ‚
869 1726 1018 1773 ejusque
1041 1738 1146 1772 agros
1174 1732 1334 1773 integros
1361 1726 1523 1761 destruit.
1554 1729 1595 1761 ln
1621 1733 1744 1762 cranio
1771 1730 1846 1774 ejus

238 1783 354 1819 multa
376 1783 648 1818 memorabilia:
676 1782 882 1817 articulatio
908 1781 1082 1817 maxillae
1104 1781 1302 1827 inferioris,
1327 1783 1490 1829 ejusdem
1517 1783 1651 1819 alveoli
1681 1785 1846 1820 dentium

238 1845 471 1875 anteriorum.
507 1839 588 1874 Vid.
616 1840 777 1874 Disserc.
807 1839 1025 1874 Hermann.
1042 1838 1140 1885 filii.
1170 1839 1478 1875 Observationes
1510 1848 1550 1874 ec
1575 1841 1774 1876 anecdota
1797 1855 1847 1877 esc

242 1897 473 1943 Osceologia
497 1905 743 1944 comparata.
768 1910 860 1944 pag.
886 1896 936 1931 15.
958 1902 1007 1937 ¹4·

310 1954 408 1989 Tum
439 1959 603 1988 cranium
626 1959 785 1988 maxime
815 1958 1027 1988 cannatum.
1060 1953 1241 1987 Foramen
1264 1959 1532 2001 zygomaticum
1556 1960 1767 1990 maximum.
1795 1956 1846 1991 Os

239 2010 466 2046 ethmoidale
497 2010 728 2046 subtilissime
759 2009 1003 2046 reticulatum.
1042 2010 1187 2044 Dentes
1219 2010 1429 2045 maxillares
1459 2017 1661 2058 superiores
1693 2011 1843 2047 dilatati.

243 2067 433 2151 (nal.)
654 2115 917 2158 TALPA
969 2112 1426 2157 EUROPAEA-

311 2194 436 2229 Panes
450 2193 571 2242 talpae
593 2199 805 2237 anteriores,
831 2198 893 2241 qui
913 2197 967 2226 sui
983 2191 1117 2226 similes
1133 2203 1210 2225 non
1233 2190 1386 2234 habent,
1403 2191 1686 2240 descriptionem
1702 2204 1844 2227 meren-

241 2258 298 2285 tur
320 2256 592 2286 accuratiorem,
620 2253 700 2286 Lati
719 2259 823 2296 sinit,
852 2248 1014 2287 verticali
1040 2248 1087 2285 ad
1120 2261 1251 2296 corpus
1283 2248 1507 2295 directione,
1535 2255 1697 2297 quinque
1725 2249 1843 2297 digitis
