2054 2748
774 175 1201 203 MAMMALIA.
1747 182 1796 226 ¹5

259 258 323 293 An
347 261 499 294 varietas
521 258 686 292 Lemuris
709 257 876 304 Mongoz
907 269 956 291 an
983 258 1152 293 distincta
1180 262 1317 306 species
1348 266 1425 303 est,
1453 271 1563 307 quam
1594 263 1662 298 Λο,
1692 264 1792 310 1768,

187 315 389 351 Novembri
413 315 544 363 aliquis
568 314 765 350 circulator
781 313 1009 361 (Schroeder
1028 314 1327 361 Brunswicensis)
1351 314 1418 349 sub
1437 321 1589 350 nomine
1609 319 1794 355 Szcriltaze

186 372 374 408 ostendit?
401 372 661 419 Magnitudine
688 381 764 405 erat
794 369 873 404 felis
899 375 1061 405 minoris.
1088 371 1202 406 Color
1222 377 1536 419 cinereo-griseus.
1563 375 1679 409 Nasus
1699 376 1792 411 albi-

184 442 281 464 cans
311 429 449 464 Guttur
466 428 615 463 fulvum.
641 430 704 462 Iris
723 426 832 462 fulva.
858 428 959 462 Lana
986 426 1098 462 densa
1119 434 1275 463 sericum
1298 437 1395 463 tactu
1420 428 1586 464 referens.
1613 430 1795 469 Vibrissae

183 485 232 520 ad
253 498 302 521 os.
329 487 447 521 Nasus
470 484 662 531 elongatus
677 511 686 528 ,
708 483 773 518 sed
794 488 916 518 minus
935 495 1047 531 quam
1065 485 1263 531 Mongous.
1292 486 1431 520 Dentes
1452 491 1491 521 in
1510 492 1623 522 invito
1648 493 1707 523 vix
1727 491 1792 524 ob·

182 554 324 577 servare
353 547 467 590 potui.
501 542 606 587 Nigri
625 540 852 576 videbantur.
892 542 1070 575 Incisores
1097 540 1200 575 nulli.
1228 541 1289 575 De
1317 536 1602 590 reliquo*mitis,
1633 546 1792 581 mundus

182 598 309 642 valde,
333 603 496 646 quietus,
520 596 661 644 frigoris
683 609 761 632 non
784 602 987 645 impatiens.
1024 599 1113 632 Non
1132 597 1287 632 mordet.
1320 598 1440 633 Sonus
1463 606 1652 647 grunnitus
1681 601 1791 649 levis,

181 655 247 690 sed
264 654 453 701 famelicus
471 653 545 688 alta
568 667 660 689 voce
678 664 714 689 et
730 653 827 690 clara
847 654 983 690 clamat
1006 653 1137 690 Bacch.
1164 653 1251 690 Edit
1271 667 1419 690 carnem
1441 656 1611 704 crudam,
1640 668 1792 695 venatur

180 711 351 748 aviculas.
376 713 556 759 Linguam
576 722 656 747 non
678 711 763 748 vidi.

394 830 930 877 VESPERTILIO
976 829 1353 875 CELAENO.
1413 829 1573 874 Nobis.

251 941 509 976 VESPERTILIO
531 941 591 976 hic
611 955 655 976 ex
669 944 815 977 Batavia
831 948 958 978 missus
974 949 1102 991 utique
1117 941 1274 977 diversus
1293 941 1385 976 mihi
1399 941 1542 977 videtur
1559 955 1579 977 a
1600 943 1790 991 speciebus

176 996 402 1032 Buffonianis
418 997 460 1032 la
472 998 679 1033 Roussecce
697 1008 732 1033 et
751 999 792 1033 la
803 1000 1009 1047 Rougecce.
1034 999 1204 1034 Volams
1222 998 1448 1045 ampliando
1464 999 1602 1047 pedum
1622 1011 1789 1047 quatuor.
1836 1001 1838 1012 ¹

175 1053 405 1101 Longicudo
423 1053 470 1088 ab
485 1064 648 1089 extremo
665 1067 754 1090 naso
770 1055 817 1090 ad
828 1066 1035 1091 extremum
1047 1067 1179 1103 corpus
1194 1055 1375 1103 pollicum
1391 1055 1579 1090 tredecim.
1603 1055 1790 1103 (Schwin-

174 1115 253 1156 gius
274 1120 414 1145 nostras
436 1111 577 1156 retulit,
605 1122 642 1146 se
667 1113 824 1158 majores
848 1124 930 1146 meo
959 1117 1159 1160 specimine
1178 1112 1330 1157 vidisse,
1354 1112 1490 1160 leporis
1514 1122 1666 1158 statura,
1695 1126 1789 1162 quae

174 1166 357 1202 solitariae
378 1167 524 1203 venales
544 1168 895 1205 circumferebantur
913 1174 1030 1218 pretio
1052 1168 1193 1205 dimidii
1209 1169 1386 1204 Ludovici
1402 1169 1531 1216 aurei.)
1560 1171 1690 1204 Aures
1709 1171 1791 1205 lan-

175 1223 340 1258 ceolatae
359 1230 590 1260 acuminatae
609 1225 755 1273 pollicis
776 1232 883 1260 unius
903 1238 987 1260 cum
1003 1225 1168 1260 dimidio.
1197 1228 1237 1259 ln
1256 1231 1364 1259 icone
1379 1225 1537 1260 ansonii
1552 1235 1636 1260 sunt
1651 1226 1786 1270 breves,

174 1289 210 1313 et
233 1280 466 1314 Obsonville
485 1286 523 1314 in
542 1281 623 1315 Ess.
641 1281 785 1327 philos.
806 1293 874 1314 sur
888 1281 942 1314 les
959 1292 1113 1313 moeurs
1129 1280 1196 1314 des
1221 1283 1445 1320 animuum,
1461 1293 1498 1325 p.
1514 1281 1568 1325 76.
1589 1293 1674 1314 cum
1693 1288 1787 1316 auri-

173 1335 241 1370 bus
260 1335 476 1369 abbreviatis
495 1342 594 1369 canis
617 1337 809 1367 domestici
829 1345 1028 1377 comparat.
1058 1336 1187 1376 Caput
1209 1345 1327 1367 totum
1348 1340 1486 1379 postice
1504 1347 1617 1381 usque
1640 1337 1688 1370 ad
1710 1350 1787 1372 sca-

171 1389 277 1438 pulas
294 1388 435 1433 rusum⁷
459 1388 525 1423 sed
544 1399 622 1422 non
641 1387 760 1422 vivide
779 1393 1005 1429 aurantium3
1034 1398 1148 1433 quum
1172 1391 1210 1419 in
1233 1386 1449 1422 Buffoniana
1474 1394 1581 1423 icone
1608 1396 1652 1425 sit
1678 1391 1786 1429 fascia

171 1447 245 1482 lata
266 1456 485 1490 transversa,
514 1450 617 1493 quasi
641 1437 789 1479 collare.
817 1444 941 1492 Atque
961 1455 1005 1477 eo
1030 1442 1114 1483 loco
1145 1442 1211 1490 pili
1232 1443 1418 1478 densiores
1439 1451 1552 1492 magis
1579 1454 1700 1483 erecti.
1729 1450 1785 1485 Si-

169 1503 267 1540 milis
287 1503 421 1538 coloris
441 1502 587 1537 macula
610 1514 759 1550 quoque
781 1506 819 1535 in
840 1505 990 1548 regione
1013 1505 1100 1534 ossis
1123 1505 1226 1535 sacri.
1251 1500 1393 1536 Facies
1416 1507 1566 1547 canina,
1592 1506 1784 1554 producta,

171 1565 338 1608 gratiosa.
368 1559 441 1594 Sed
458 1559 593 1594 dentes
611 1564 807 1607 praecipue
822 1557 1005 1592 differunt.
1032 1555 1221 1591 Buffonius
1239 1556 1299 1605 (p.
1315 1558 1370 1604 73.
1385 1564 1511 1607 utique
1526 1565 1563 1594 in
1582 1562 1784 1609 Roussette,

170 1629 250 1651 non
269 1621 307 1651 in
327 1615 536 1664 Rougette)
562 1615 691 1652 dentes
715 1617 902 1650 incisores
922 1619 1124 1663 superiores
1142 1613 1237 1649 latos
1253 1620 1448 1662 contiguos
1466 1615 1562 1653 facit.
1590 1619 1676 1655 Mea
1692 1621 1784 1657 duos

168 1682 315 1708 tantum
337 1671 451 1707 habet
468 1686 619 1721 parvos,
639 1683 817 1718 remotOS,
838 1672 1006 1717 obtusos,
1025 1671 1099 1706 fere
1119 1681 1259 1707 teretes.
1287 1671 1480 1708 Inferiores
1502 1685 1659 1723 quatuor
1674 1684 1783 1713 etiam

169 1742 316 1778 parvos,
332 1729 482 1765 obtusos
495 1758 504 1774 ,
519 1730 662 1765 duobus
680 1730 904 1765 intermediis
924 1735 1092 1773 remoti5‚
1113 1729 1177 1764 sed
1197 1742 1326 1765 omnes
1347 1741 1504 1779 quatuor
1523 1731 1595 1768 fere
1611 1739 1649 1768 in
1663 1742 1781 1783 spatio

169 1786 389 1821 intermedio
418 1793 646 1834 superiorum
665 1792 777 1835 recipi
801 1796 963 1835 possunt.
991 1787 1178 1822 Laniarii
1200 1799 1282 1823 vere
1305 1793 1401 1836 utin
1424 1788 1515 1824 feris.
1543 1791 1780 1828 Max-illatis

168 1842 320 1878 inferior
341 1849 478 1891 primus
498 1850 692 1889 minimus,
712 1844 892 1879 secundus
913 1849 1111 1889 maximus,
1134 1850 1188 1879 uti
1206 1843 1318 1880 habet
1334 1843 1534 1882 Buffoffius.
1564 1847 1781 1885 Charactere

168 1900 262 1935 adeo
282 1902 483 1936 Bestiarum
496 1930 504 1946 ‚
530 1914 618 1950 quas
637 1903 820 1937 Linnaeus
840 1901 931 1936 olim
957 1901 1094 1936 habuit.

241 1958 303 1992 An
325 1957 478 1993 Olearia·
496 1959 602 1994 Mus.
626 1958 802 2006 Goccorp.
825 1959 903 1994 cab.
919 1960 1062 2006 XVf.
1082 1974 1109 1994 1.
1138 1957 1187 1993 ob
1205 1970 1307 1994 aures
1327 1958 1484 2008 longas?

242 2014 318 2049 Sed
335 2014 500 2050 sceleton
523 2015 630 2062 hujus
649 2017 840 2064 Vampyri‚
863 2029 884 2051 a
907 2017 1091 2064 Rougette
1112 2016 1259 2061 diversi,
1283 2017 1399 2052 multa
1419 2018 1615 2065 singularia
1635 2019 1751 2054 habet.

246 2086 274 2107 1.
294 2071 521 2108 Structuram
543 2072 764 2121 singularem
783 2079 921 2121 primae
950 2083 985 2108 et
1014 2073 1195 2108 secundae
1216 2074 1420 2110 vertebrae
1439 2075 1551 2121 colli,
1576 2088 1668 2123 quae
1689 2075 1776 2111 vali-

170 2126 334 2164 dissimae
357 2141 451 2165 sunt.

244 2197 274 2218 2.
296 2186 472 2223 Defectus
500 2188 715 2236 apophysis
741 2193 912 2236 spinosae
942 2193 978 2223 iu
1006 2187 1171 2236 plurimis
1197 2188 1370 2226 vertebris
1394 2188 1448 2224 illi
1471 2201 1555 2224 cum
1576 2187 1654 2223 aliis
1673 2201 1775 2224 com-

169 2250 290 2276 munis
313 2251 376 2276 est.
