2054 2748
877 126 908 154 A
938 126 969 155 v
1001 126 1026 153 E
1059 125 1090 153 s.
1705 119 1781 177 ¹53

179 206 384 252 musculus,
410 217 444 243 et
467 207 617 256 quidem
640 217 681 243 ut
703 219 748 242 ex
766 206 891 242 colore
910 208 1115 253 videbatur,
1140 207 1200 243 hic
1227 213 1357 256 potius.
1385 211 1472 245 Erat
1498 225 1582 247 vero
1604 214 1699 249 larus
1722 215 1780 250 hic

178 275 297 299 emtus
316 270 355 298 in
378 263 457 297 foro
479 264 512 298 d.
534 277 583 299 10.
604 264 698 299 Dec.
716 276 922 312 praegressa
941 271 1066 312 utique
1086 275 1301 313 tempestate
1326 266 1513 314 tepidiore.

251 320 424 365 Habitus,
447 330 582 355 statura
611 330 647 355 et
669 327 828 355 incessus
846 320 976 355 saltem
1001 327 1039 355 in
1066 321 1264 367 majoribus
1289 322 1371 356 laris
1389 328 1505 370 inepti
1534 334 1569 359 et
1597 330 1780 363 inamoeni

177 377 266 411 mihi
285 382 347 411 visi
367 387 473 421 sunt,
505 376 646 411 collum
666 387 916 421 contractum,
947 377 1058 425 pedes
1081 384 1222 424 pectori
1249 384 1542 427 appropinquati.
1579 383 1720 417 Canum
1744 395 1780 420 et

178 439 393 468 cinerarium
413 434 487 468 vidi
506 433 607 468 collo
627 433 776 480 quidem
795 443 896 468 recto
912 460 920 477 ‚
941 442 977 467 et
995 443 1145 480 pectore
1163 447 1328 469 convexo
1355 434 1455 469 haud
1470 435 1698 484 ineleganter
1712 446 1779 474 ‹eir-

177 495 496 537 cumspicientem‚
516 489 579 523 sed
605 494 706 523 tarsis
734 488 902 536 tibiisque
923 488 1153 524 verticalibus
1171 496 1209 524 in
1229 491 1359 525 eadem
1382 491 1500 536 linea,
1523 493 1693 540 geniculo
1714 508 1779 530 an-

176 545 303 592 gulum
328 544 429 580 haud
451 545 651 588 formante,
680 544 828 592 qualem
856 554 1031 580 staturam
1056 550 1094 579 in
1117 552 1257 594 pictura
1284 553 1333 581 rei
1360 548 1456 582 haud
1477 562 1606 595 gnarus
1626 563 1704 584 non
1734 552 1781 586 ad

174 611 325 636 naturae
352 607 561 637 varietatem
589 606 727 648 pictam
755 614 830 636 esse
858 601 999 637 dixerit.
1036 604 1117 637 Nec
1141 612 1266 638 tamen
1293 603 1385 638 adeo
1413 611 1555 652 pectori
1582 613 1780 656 propinqui

174 667 257 692 sunt
275 657 385 704 pedes
404 669 446 691 ac
465 662 504 691 in
524 656 714 691 Catesbaei
733 656 846 705 figura
870 657 1022 693 Sternae
1041 658 1206 694 stolidae.

245 714 314 746 Ao.
341 714 436 759 1787.
459 712 492 747 d.
518 720 568 755 14.
586 713 688 748 Febr.
706 713 854 761 plurimi
874 714 1030 749 cohorte
1048 714 1191 763 aliquot
1210 726 1450 752 centenorum
1470 724 1778 766 transmigrarunt.

173 768 266 803 Aliis
286 768 430 802 humeri
451 779 555 803 erant
576 775 814 817 nigricantes‚
838 770 946 806 fascia
965 771 1104 806 caudae
1128 778 1248 820 nigra,
1273 778 1310 806 in
1331 784 1447 808 rostro
1468 773 1549 821 plus
1570 781 1778 822 nigricantis

172 825 402 869 habuerunt,
422 825 533 872 pedes
556 838 602 859 ex
622 831 725 873 nigro
746 832 784 860 in
805 826 937 862 ssavum
951 833 1187 862 transierunt:
1209 834 1246 862 in
1261 827 1339 863 aliis
1360 835 1583 863 contrarium
1608 830 1778 868 obtinuit.

171 882 334 916 Fuerunt
353 887 463 916 etiam
483 887 546 929 qui
573 894 657 915 cum
676 882 866 929 nigredine
890 888 928 917 in
948 883 1067 917 axillis
1081 890 1224 931 'postice
1244 885 1382 919 collare
1402 885 1542 919 fuscum
1562 885 1776 924 habuerunt.

171 938 296 983 Quum
312 938 526 983 magnitudo
548 937 718 972 omnibus
738 939 866 973 eadem
880 939 1005 983 fuerit,
1027 945 1086 973 iris
1103 940 1274 974 omnibus
1294 946 1411 986 nigra,
1431 947 1490 975 vix
1509 942 1711 989 quidquam
1732 945 1778 978 de

168 993 363 1040 albuginea
388 1003 576 1040 appareret
597 1020 606 1037 ‚
630 993 729 1028 fusca
755 994 899 1028 macula
928 1006 1027 1042 pone
1054 995 1183 1030 oculos
1200 1023 1208 1039 ,
1241 1001 1411 1031 rectrices
1439 997 1614 1042 eaedem,
1644 998 1777 1046 digitus

167 1055 347 1098 posterior
378 1054 438 1084 vix
458 1055 698 1097 conspicuus,
732 1059 769 1085 et
798 1063 927 1085 omnes
953 1052 1182 1097 conjunctim
1209 1052 1411 1088 volaverint
1427 1081 1435 1097 ‚
1462 1054 1625 1099 ejusdem
1648 1067 1776 1091 omnes

168 1112 301 1154 speciei
319 1105 425 1139 fnisse
445 1105 644 1140 concludo.
680 1105 849 1140 Molliter
867 1118 913 1140 ex
935 1106 1011 1141 alto
1032 1112 1070 1140 in
1088 1119 1222 1154 aquarn
1248 1107 1489 1153 delabuntur,
1520 1119 1556 1143 et
1577 1109 1713 1146 blande
1732 1125 1775 1147 ac

169 1164 357 1210 eleganter
375 1171 511 1197 natant.
538 1164 612 1196 Visi
629 1167 739 1196 etiam
759 1162 907 1210 plurimi
923 1176 1031 1211 super
1049 1163 1157 1198 fluvio
1182 1169 1276 1198 intra
1292 1170 1408 1211 ipsam
1430 1165 1567 1199 urbem.

242 1219 300 1253 Sic
325 1228 361 1252 et
380 1218 499 1266 Aprili
528 1218 626 1264 1775.
650 1223 688 1252 in
714 1219 922 1265 Burgundia
951 1225 1129 1253 immensa
1152 1225 1257 1266 copia
1282 1220 1348 1254 lari
1378 1221 1564 1255 advenisse
1587 1227 1651 1256 visi
1678 1233 1771 1258 sunt.

162 1274 334 1310 Journal
354 1274 402 1307 de
420 1274 648 1321 Plzysique,
673 1274 772 1320 1775.
806 1275 847 1309 T.
869 1275 912 1309 V.
928 1288 966 1321 p.
984 1275 1061 1321 375.

239 1333 354 1365 Nares
372 1336 492 1364 antice
511 1329 657 1363 latiores
680 1328 859 1374 (charact.
882 1331 1010 1375 Linn.)
1036 1336 1074 1364 in
1094 1336 1271 1364 cinerario
1294 1344 1373 1365 non
1393 1337 1533 1379 reperio
1547 1359 1555 1375 ,
1575 1333 1638 1366 sed
1658 1333 1773 1368 ubivis

165 1386 359 1434 aequale53
386 1391 482 1419 intus
507 1389 708 1431 posteriore
727 1393 830 1431 parte
850 1383 943 1418 duae
963 1384 1123 1418 laminae
1149 1390 1321 1420 eminent.
1347 1387 1495 1423 Perviae
1515 1399 1664 1436 quoque
1689 1399 1772 1426 sunt

164 1454 279 1478 nares.
308 1443 444 1476 Fauces
466 1445 695 1488 sanguineae.

692 1556 958 1599 LARUS
1000 1555 1243 1599 RISSA.

236 1667 473 1701 Dssscmmo
493 1665 731 1700 Brunniclzii
753 1667 843 1700 Om.
869 1671 943 1707 140.
960 1679 997 1711 p.
1013 1671 1068 1706 42.
1094 1665 1254 1712 perfecte
1275 1671 1449 1702 convenit
1472 1679 1556 1701 cum
1575 1679 1660 1702 meo
1677 1696 1686 1713 ,
1706 1675 1769 1717 qui

162 1723 232 1758 Ao.
258 1733 355 1768 1790.
379 1721 413 1755 d.
433 1728 464 1762 4.
481 1721 584 1755 Febr.
607 1731 734 1768 captus
755 1722 990 1768 Argentorati
1010 1731 1046 1755 et
1066 1722 1135 1755 Ao.
1158 1724 1256 1770 1787.
1277 1724 1412 1758 Martio
1434 1730 1583 1772 copiose
1598 1730 1690 1760 visus
1705 1736 1767 1762 est.

161 1781 334 1815 Rostrum
353 1777 486 1812 flavum
504 1776 647 1824 angulis
662 1782 733 1811 oris
749 1786 785 1811 et
803 1776 1000 1825 palpebrae
1017 1777 1145 1825 pulcre
1163 1778 1302 1814 rubrae.
1317 1800 1367 1806 -
1384 1781 1547 1816 Varietas
1562 1781 1655 1817 forte
1667 1783 1768 1819 Rissa

161 1835 229 1871 lari
248 1833 450 1878 tridactyli,
474 1834 595 1879 junior
613 1839 719 1881 primi
742 1838 839 1868 anni.

232 1892 403 1925 Brissonii
428 1889 628 1925 methodus
657 1889 794 1934 fallax,
832 1902 926 1938 quae
954 1901 1083 1925 omnes
1110 1890 1205 1925 laros
1231 1892 1489 1938 tetradactylos
1515 1893 1626 1938 facit3
1652 1901 1704 1930 uti
1731 1905 1766 1931 et

135 1944 141 1947 ⁴
161 1949 449 1984 Bonnacertius
462 1953 501 1983 in
518 1947 728 1995 Encyclop.
748 1947 865 1983 mech.
888 1948 1081 1984 Omiclml.
1100 1947 1187 1983 licet
1208 1948 1266 1983 hic
1288 1962 1322 1997 p.
1340 1960 1397 1996 90.
1417 1955 1578 1998 speciem
1594 1952 1763 1996 tridacty-

161 2004 236 2039 lam
254 2003 409 2048 habeat,
432 2016 509 2038 non
529 2010 721 2039 nominato
741 2014 865 2040 tamen
887 2006 1071 2049 Linnan,
1094 2010 1162 2039 nisi
1178 2005 1279 2053 quod
1300 2007 1338 2040 L.
1351 2005 1491 2041 literam
1508 2014 1650 2042 nomini
1664 2017 1763 2055 post-

161 2070 285 2108 ponat.
311 2060 508 2095 Schaefferi
525 2067 564 2095 in
576 2062 683 2096 Mas.
703 2060 888 2098 ortziclzol.
902 2061 974 2096 tab.
991 2071 1046 2102 41.
1062 2060 1175 2108 figura
1195 2063 1233 2096 L.
1249 2061 1432 2107 tridactyli
1451 2063 1638 2098 evidenter
1658 2073 1764 2098 tetra—

161 2116 306 2160 dactyla
337 2127 410 2162 est;
444 2117 516 2154 tab.
540 2125 597 2160 40.
628 2128 774 2165 autem,
810 2130 904 2166 quae
937 2117 984 2153 ad
1018 2117 1136 2153 larum
1164 2124 1334 2155 naevium
1359 2118 1532 2165 refertur,
1558 2124 1682 2166 utique
1709 2129 1762 2155 est

160 2171 360 2218 tridactyla.

1479 2231 1516 2268 U
