<?xml version="1.0" encoding="UTF-8"?>
<!DOCTYPE html PUBLIC "-//W3C//DTD XHTML 1.0 Transitional//EN"
    "http://www.w3.org/TR/xhtml1/DTD/xhtml1-transitional.dtd">
<html xmlns="http://www.w3.org/1999/xhtml" xml:lang="en" lang="en">
 <head>
  <title>
</title>
<meta http-equiv="Content-Type" content="text/html;charset=utf-8" />
  <meta name='ocr-system' content='tesseract 3.04.00' />
  <meta name='ocr-capabilities' content='ocr_page ocr_carea ocr_par ocr_line ocrx_word'/>
</head>
<body>
  <div class='ocr_page' id='page_1' title='image "./observationeszoo00herm_0208.png"; bbox 0 0 2054 2748; ppageno 0'>
   <div class='ocr_carea' id='block_1_1' title="bbox 249 156 1506 207">
    <p class='ocr_par' dir='ltr' id='par_1_1' title="bbox 249 156 1506 207">
     <span class='ocr_line' id='line_1_1' title="bbox 249 156 1506 207; baseline -0.003 -12"><span class='ocrx_word' id='word_1_1' title='bbox 249 156 330 207; x_wconf 68' lang='lat'>204</span> <span class='ocrx_word' id='word_1_2' title='bbox 611 159 1094 193; x_wconf 80' lang='lat' dir='ltr'><strong>OBSERVATIONES</strong></span> <span class='ocrx_word' id='word_1_3' title='bbox 1140 160 1506 191; x_wconf 82' lang='lat' dir='ltr'>zooLOGICAE.</span> 
     </span>
    </p>
   </div>
   <div class='ocr_carea' id='block_1_2' title="bbox 242 244 1875 1490">
    <p class='ocr_par' dir='ltr' id='par_1_2' title="bbox 244 244 1862 413">
     <span class='ocr_line' id='line_1_2' title="bbox 244 244 1862 295; baseline -0.001 -11"><span class='ocrx_word' id='word_1_4' title='bbox 244 247 417 284; x_wconf 75' lang='lat' dir='ltr'>Strobilos</span> <span class='ocrx_word' id='word_1_5' title='bbox 434 260 563 283; x_wconf 85' lang='lat' dir='ltr'>curans</span> <span class='ocrx_word' id='word_1_6' title='bbox 577 276 585 292; x_wconf 83' lang='lat'>,</span> <span class='ocrx_word' id='word_1_7' title='bbox 607 260 737 295; x_wconf 78' lang='lat' dir='ltr'>corpus</span> <span class='ocrx_word' id='word_1_8' title='bbox 756 251 877 294; x_wconf 87' lang='lat' dir='ltr'>potius</span> <span class='ocrx_word' id='word_1_9' title='bbox 892 251 1029 281; x_wconf 85' lang='lat' dir='ltr'>curavit</span> <span class='ocrx_word' id='word_1_10' title='bbox 1049 255 1085 280; x_wconf 83' lang='lat' dir='ltr'>et</span> <span class='ocrx_word' id='word_1_11' title='bbox 1103 244 1248 294; x_wconf 84' lang='lat' dir='ltr'>plumas</span> <span class='ocrx_word' id='word_1_12' title='bbox 1268 251 1446 281; x_wconf 89' lang='lat' dir='ltr'>continuo</span> <span class='ocrx_word' id='word_1_13' title='bbox 1464 244 1612 291; x_wconf 82' lang='lat' dir='ltr'>evellit,</span> <span class='ocrx_word' id='word_1_14' title='bbox 1633 256 1673 281; x_wconf 89' lang='lat' dir='ltr'>ut</span> <span class='ocrx_word' id='word_1_15' title='bbox 1687 245 1862 283; x_wconf 85' lang='lat' dir='ltr'>feminam</span> 
     </span>
     <span class='ocr_line' id='line_1_3' title="bbox 245 302 1862 354; baseline -0.001 -13"><span class='ocrx_word' id='word_1_16' title='bbox 245 319 322 342; x_wconf 78' lang='lat' dir='ltr'>esse</span> <span class='ocrx_word' id='word_1_17' title='bbox 344 316 550 354; x_wconf 75' lang='lat' dir='ltr'>putassem,</span> <span class='ocrx_word' id='word_1_18' title='bbox 578 311 645 339; x_wconf 75' lang='lat' dir='ltr'>nisi</span> <span class='ocrx_word' id='word_1_19' title='bbox 674 303 779 337; x_wconf 81' lang='lat' dir='ltr'>color</span> <span class='ocrx_word' id='word_1_20' title='bbox 798 302 923 338; x_wconf 84' lang='lat' dir='ltr'>fuisset</span> <span class='ocrx_word' id='word_1_21' title='bbox 941 308 1061 338; x_wconf 84' lang='lat' dir='ltr'>minus</span> <span class='ocrx_word' id='word_1_22' title='bbox 1079 303 1218 340; x_wconf 87' lang='lat' dir='ltr'>vividus</span> <span class='ocrx_word' id='word_1_23' title='bbox 1239 313 1275 338; x_wconf 86' lang='lat' dir='ltr'>et</span> <span class='ocrx_word' id='word_1_24' title='bbox 1294 303 1521 352; x_wconf 85' lang='lat' dir='ltr'>quandoque</span> <span class='ocrx_word' id='word_1_25' title='bbox 1544 302 1737 339; x_wconf 87' lang='lat' dir='ltr'>cantillare</span> <span class='ocrx_word' id='word_1_26' title='bbox 1759 309 1862 340; x_wconf 86' lang='lat' dir='ltr'>inoe-</span> 
     </span>
     <span class='ocr_line' id='line_1_4' title="bbox 244 359 964 413; baseline -0.004 -14"><span class='ocrx_word' id='word_1_27' title='bbox 244 370 376 413; x_wconf 82' lang='lat' dir='ltr'>pisset,</span> <span class='ocrx_word' id='word_1_28' title='bbox 402 363 503 412; x_wconf 84' lang='lat' dir='ltr'>quod</span> <span class='ocrx_word' id='word_1_29' title='bbox 524 374 714 409; x_wconf 82' lang='lat' dir='ltr'>nunquam</span> <span class='ocrx_word' id='word_1_30' title='bbox 733 360 819 394; x_wconf 78' lang='lat' dir='ltr'>fecit</span> <span class='ocrx_word' id='word_1_31' title='bbox 838 359 964 396; x_wconf 86' lang='lat' dir='ltr'>altera.</span> 
     </span>
    </p>

    <p class='ocr_par' dir='ltr' id='par_1_3' title="bbox 245 416 1864 628">
     <span class='ocr_line' id='line_1_5' title="bbox 318 416 1864 467; baseline -0.001 -12"><span class='ocrx_word' id='word_1_32' title='bbox 318 420 459 455; x_wconf 84' lang='lat' dir='ltr'>Eadem</span> <span class='ocrx_word' id='word_1_33' title='bbox 480 424 602 466; x_wconf 77' lang='lat' dir='ltr'>coepit</span> <span class='ocrx_word' id='word_1_34' title='bbox 621 428 746 452; x_wconf 78' lang='lat' dir='ltr'>tamen</span> <span class='ocrx_word' id='word_1_35' title='bbox 763 416 960 459; x_wconf 75' lang='lat' dir='ltr'>Februario</span> <span class='ocrx_word' id='word_1_36' title='bbox 976 423 1087 453; x_wconf 85' lang='lat' dir='ltr'>etiam</span> <span class='ocrx_word' id='word_1_37' title='bbox 1100 417 1229 453; x_wconf 86' lang='lat' dir='ltr'>abietis</span> <span class='ocrx_word' id='word_1_38' title='bbox 1248 417 1409 453; x_wconf 87' lang='lat' dir='ltr'>ramulos</span> <span class='ocrx_word' id='word_1_39' title='bbox 1429 416 1575 463; x_wconf 85' lang='lat' dir='ltr'>rodere,</span> <span class='ocrx_word' id='word_1_40' title='bbox 1603 427 1639 453; x_wconf 87' lang='lat' dir='ltr'>et</span> <span class='ocrx_word' id='word_1_41' title='bbox 1658 430 1773 467; x_wconf 90' lang='lat' dir='ltr'>quum</span> <span class='ocrx_word' id='word_1_42' title='bbox 1787 422 1864 454; x_wconf 71' lang='lat' dir='ltr'>aeri</span> 
     </span>
     <span class='ocr_line' id='line_1_6' title="bbox 246 474 1859 527; baseline -0.002 -14"><span class='ocrx_word' id='word_1_43' title='bbox 246 484 494 527; x_wconf 81' lang='lat' dir='ltr'>exposuissem</span> <span class='ocrx_word' id='word_1_44' title='bbox 525 474 714 523; x_wconf 69' lang='lat' dir='ltr'>pulchrior</span> <span class='ocrx_word' id='word_1_45' title='bbox 744 474 840 519; x_wconf 83' lang='lat' dir='ltr'>fieri,</span> <span class='ocrx_word' id='word_1_46' title='bbox 870 480 988 510; x_wconf 88' lang='lat' dir='ltr'>virore</span> <span class='ocrx_word' id='word_1_47' title='bbox 1017 475 1217 521; x_wconf 83' lang='lat' dir='ltr'>vividiore‚</span> <span class='ocrx_word' id='word_1_48' title='bbox 1238 484 1274 510; x_wconf 90' lang='lat' dir='ltr'>et</span> <span class='ocrx_word' id='word_1_49' title='bbox 1292 474 1444 510; x_wconf 85' lang='lat' dir='ltr'>fibulam</span> <span class='ocrx_word' id='word_1_50' title='bbox 1465 474 1601 510; x_wconf 83' lang='lat' dir='ltr'>vasculi</span> <span class='ocrx_word' id='word_1_51' title='bbox 1623 475 1859 521; x_wconf 79' lang='lat' dir='ltr'>convellere,</span> 
     </span>
     <span class='ocr_line' id='line_1_7' title="bbox 245 531 1860 582; baseline -0.001 -12"><span class='ocrx_word' id='word_1_52' title='bbox 245 545 282 570; x_wconf 88' lang='lat' dir='ltr'>et</span> <span class='ocrx_word' id='word_1_53' title='bbox 302 535 416 582; x_wconf 72' lang='lat' dir='ltr'>digito</span> <span class='ocrx_word' id='word_1_54' title='bbox 449 532 672 568; x_wconf 78' lang='lat' dir='ltr'>colludentis</span> <span class='ocrx_word' id='word_1_55' title='bbox 694 537 917 580; x_wconf 77' lang='lat' dir='ltr'>pervicacius</span> <span class='ocrx_word' id='word_1_56' title='bbox 942 544 1134 568; x_wconf 85' lang='lat' dir='ltr'>occursare</span> <span class='ocrx_word' id='word_1_57' title='bbox 1160 543 1198 569; x_wconf 87' lang='lat' dir='ltr'>et</span> <span class='ocrx_word' id='word_1_58' title='bbox 1224 531 1344 568; x_wconf 86' lang='lat' dir='ltr'>multo</span> <span class='ocrx_word' id='word_1_59' title='bbox 1372 545 1457 567; x_wconf 89' lang='lat' dir='ltr'>cum</span> <span class='ocrx_word' id='word_1_60' title='bbox 1483 537 1625 581; x_wconf 87' lang='lat' dir='ltr'>impetu</span> <span class='ocrx_word' id='word_1_61' title='bbox 1645 538 1860 578; x_wconf 86' lang='lat' dir='ltr'>morsitare,</span> 
     </span>
     <span class='ocr_line' id='line_1_8' title="bbox 245 592 489 628; baseline -0.012 0"><span class='ocrx_word' id='word_1_62' title='bbox 245 592 309 628; x_wconf 84' lang='lat' dir='ltr'>sed</span> <span class='ocrx_word' id='word_1_63' title='bbox 330 596 489 626; x_wconf 77' lang='lat' dir='ltr'>innoxie.</span> 
     </span>
    </p>

    <p class='ocr_par' dir='ltr' id='par_1_4' title="bbox 245 645 1862 752">
     <span class='ocr_line' id='line_1_9' title="bbox 319 645 1862 696; baseline -0.001 -14"><span class='ocrx_word' id='word_1_64' title='bbox 319 650 400 682; x_wconf 76' lang='lat' dir='ltr'>Vox</span> <span class='ocrx_word' id='word_1_65' title='bbox 429 649 504 693; x_wconf 76' lang='lat' dir='ltr'>ejus</span> <span class='ocrx_word' id='word_1_66' title='bbox 528 655 609 688; x_wconf 65' lang='lat' dir='ltr'>eze,</span> <span class='ocrx_word' id='word_1_67' title='bbox 634 646 698 681; x_wconf 89' lang='lat' dir='ltr'>sed</span> <span class='ocrx_word' id='word_1_68' title='bbox 720 646 1008 683; x_wconf 78' lang='lat' dir='ltr'>submississima.</span> <span class='ocrx_word' id='word_1_69' title='bbox 1040 649 1182 694; x_wconf 87' lang='lat' dir='ltr'>Hyeme</span> <span class='ocrx_word' id='word_1_70' title='bbox 1202 646 1333 696; x_wconf 90' lang='lat' dir='ltr'>populi</span> <span class='ocrx_word' id='word_1_71' title='bbox 1357 645 1535 682; x_wconf 81' lang='lat' dir='ltr'>tremulae</span> <span class='ocrx_word' id='word_1_72' title='bbox 1563 653 1720 682; x_wconf 86' lang='lat' dir='ltr'>amentis</span> <span class='ocrx_word' id='word_1_73' title='bbox 1747 651 1862 682; x_wconf 86' lang='lat' dir='ltr'>etiam</span> 
     </span>
     <span class='ocr_line' id='line_1_10' title="bbox 245 709 761 752; baseline -0.006 -11"><span class='ocrx_word' id='word_1_74' title='bbox 245 710 401 747; x_wconf 68' lang='lat' dir='ltr'>victitat,</span> <span class='ocrx_word' id='word_1_75' title='bbox 427 714 543 738; x_wconf 72' lang='lat' dir='ltr'>rostro</span> <span class='ocrx_word' id='word_1_76' title='bbox 570 709 761 752; x_wconf 73' lang='lat' dir='ltr'>crepitans.</span> 
     </span>
    </p>

    <p class='ocr_par' dir='ltr' id='par_1_5' title="bbox 242 760 1861 865">
     <span class='ocr_line' id='line_1_11' title="bbox 317 760 1861 810; baseline -0.001 -14"><span class='ocrx_word' id='word_1_77' title='bbox 317 763 419 796; x_wconf 84' lang='lat' dir='ltr'>Haec</span> <span class='ocrx_word' id='word_1_78' title='bbox 443 761 560 796; x_wconf 80' lang='lat' dir='ltr'>altero</span> <span class='ocrx_word' id='word_1_79' title='bbox 580 773 679 796; x_wconf 85' lang='lat' dir='ltr'>anno</span> <span class='ocrx_word' id='word_1_80' title='bbox 703 760 779 796; x_wconf 80' lang='lat' dir='ltr'>fere</span> <span class='ocrx_word' id='word_1_81' title='bbox 798 773 915 810; x_wconf 84' lang='lat' dir='ltr'>aeque</span> <span class='ocrx_word' id='word_1_82' title='bbox 933 760 1119 797; x_wconf 83' lang='lat' dir='ltr'>familiaris</span> <span class='ocrx_word' id='word_1_83' title='bbox 1141 760 1256 807; x_wconf 82' lang='lat' dir='ltr'>facta,</span> <span class='ocrx_word' id='word_1_84' title='bbox 1273 769 1504 809; x_wconf 77' lang='lat' dir='ltr'><strong>praemature</strong></span> <span class='ocrx_word' id='word_1_85' title='bbox 1527 769 1672 795; x_wconf 85' lang='lat' dir='ltr'>mortua</span> <span class='ocrx_word' id='word_1_86' title='bbox 1699 761 1861 796; x_wconf 86' lang='lat' dir='ltr'>Novem-</span> 
     </span>
     <span class='ocr_line' id='line_1_12' title="bbox 242 819 428 865; baseline -0.005 -10"><span class='ocrx_word' id='word_1_87' title='bbox 242 819 299 855; x_wconf 87' lang='lat' dir='ltr'>bri</span> <span class='ocrx_word' id='word_1_88' title='bbox 330 821 428 865; x_wconf 76' lang='lat'><strong>1731.</strong></span> 
     </span>
    </p>

    <p class='ocr_par' dir='ltr' id='par_1_6' title="bbox 243 872 1875 1320">
     <span class='ocr_line' id='line_1_13' title="bbox 317 872 1863 920; baseline -0.003 -9"><span class='ocrx_word' id='word_1_89' title='bbox 317 876 421 911; x_wconf 78' lang='lat' dir='ltr'>Seras</span> <span class='ocrx_word' id='word_1_90' title='bbox 441 875 487 911; x_wconf 88' lang='lat' dir='ltr'>ad</span> <span class='ocrx_word' id='word_1_91' title='bbox 503 875 607 910; x_wconf 75' lang='lat' dir='ltr'>basin</span> <span class='ocrx_word' id='word_1_92' title='bbox 625 881 730 910; x_wconf 90' lang='lat' dir='ltr'>rostri</span> <span class='ocrx_word' id='word_1_93' title='bbox 746 885 955 911; x_wconf 87' lang='lat' dir='ltr'>antrorsum</span> <span class='ocrx_word' id='word_1_94' title='bbox 975 874 1242 910; x_wconf 77' lang='lat' dir='ltr'>decumbentes</span> <span class='ocrx_word' id='word_1_95' title='bbox 1260 872 1395 918; x_wconf 86' lang='lat' dir='ltr'>habet,</span> <span class='ocrx_word' id='word_1_96' title='bbox 1410 872 1577 908; x_wconf 81' lang='lat' dir='ltr'>laterales</span> <span class='ocrx_word' id='word_1_97' title='bbox 1597 877 1711 920; x_wconf 79' lang='lat' dir='ltr'>magis</span> <span class='ocrx_word' id='word_1_98' title='bbox 1731 877 1863 920; x_wconf 79' lang='lat' dir='ltr'>nigras,</span> 
     </span>
     <span class='ocr_line' id='line_1_14' title="bbox 243 928 1862 983; baseline -0.002 -15"><span class='ocrx_word' id='word_1_99' title='bbox 243 943 433 983; x_wconf 82' lang='lat' dir='ltr'>patentes·‚</span> <span class='ocrx_word' id='word_1_100' title='bbox 461 938 663 981; x_wconf 76' lang='lat' dir='ltr'>superiores</span> <span class='ocrx_word' id='word_1_101' title='bbox 693 933 820 967; x_wconf 89' lang='lat' dir='ltr'>colore</span> <span class='ocrx_word' id='word_1_102' title='bbox 839 939 984 981; x_wconf 79' lang='lat' dir='ltr'>capitis,</span> <span class='ocrx_word' id='word_1_103' title='bbox 1008 943 1125 968; x_wconf 84' lang='lat' dir='ltr'>rostro</span> <span class='ocrx_word' id='word_1_104' title='bbox 1145 931 1361 980; x_wconf 86' lang='lat' dir='ltr'>applicatae.</span> <span class='ocrx_word' id='word_1_105' title='bbox 1388 931 1613 966; x_wconf 87' lang='lat' dir='ltr'>Nitidissima</span> <span class='ocrx_word' id='word_1_106' title='bbox 1635 928 1770 964; x_wconf 83' lang='lat' dir='ltr'>fabrica</span> <span class='ocrx_word' id='word_1_107' title='bbox 1793 935 1862 964; x_wconf 87' lang='lat' dir='ltr'>eir-</span> 
     </span>
     <span class='ocr_line' id='line_1_15' title="bbox 245 986 1875 1036; baseline -0.003 -11"><span class='ocrx_word' id='word_1_108' title='bbox 245 1003 331 1026; x_wconf 86' lang='lat' dir='ltr'>cum</span> <span class='ocrx_word' id='word_1_109' title='bbox 353 989 503 1033; x_wconf 81' lang='lat' dir='ltr'>oculos,</span> <span class='ocrx_word' id='word_1_110' title='bbox 529 994 557 1023; x_wconf 90' lang='lat' dir='ltr'>si</span> <span class='ocrx_word' id='word_1_111' title='bbox 582 988 680 1023; x_wconf 84' lang='lat' dir='ltr'>lente</span> <span class='ocrx_word' id='word_1_112' title='bbox 701 994 811 1023; x_wconf 85' lang='lat' dir='ltr'>vitrea</span> <span class='ocrx_word' id='word_1_113' title='bbox 831 994 1054 1036; x_wconf 76' lang='lat' dir='ltr'>inspiciatur.</span> <span class='ocrx_word' id='word_1_114' title='bbox 1081 990 1280 1023; x_wconf 79' lang='lat' dir='ltr'>Tarsorum</span> <span class='ocrx_word' id='word_1_115' title='bbox 1301 994 1338 1022; x_wconf 87' lang='lat' dir='ltr'>in</span> <span class='ocrx_word' id='word_1_116' title='bbox 1354 987 1539 1035; x_wconf 85' lang='lat' dir='ltr'>palpebris</span> <span class='ocrx_word' id='word_1_117' title='bbox 1560 986 1735 1033; x_wconf 77' lang='lat' dir='ltr'>cartilago</span> <span class='ocrx_word' id='word_1_118' title='bbox 1751 986 1875 1034; x_wconf 54' lang='lat' dir='ltr'>nuda,v</span> 
     </span>
     <span class='ocr_line' id='line_1_16' title="bbox 244 1042 1862 1096; baseline -0.003 -15"><span class='ocrx_word' id='word_1_119' title='bbox 244 1046 447 1096; x_wconf 80' lang='lat' dir='ltr'>papillosa‚</span> <span class='ocrx_word' id='word_1_120' title='bbox 468 1051 677 1079; x_wconf 86' lang='lat' dir='ltr'>eminentiis</span> <span class='ocrx_word' id='word_1_121' title='bbox 701 1051 838 1079; x_wconf 75' lang='lat' dir='ltr'>seriatis</span> <span class='ocrx_word' id='word_1_122' title='bbox 865 1044 938 1079; x_wconf 84' lang='lat' dir='ltr'>fere</span> <span class='ocrx_word' id='word_1_123' title='bbox 962 1045 1120 1080; x_wconf 85' lang='lat' dir='ltr'>referens</span> <span class='ocrx_word' id='word_1_124' title='bbox 1146 1044 1327 1079; x_wconf 88' lang='lat' dir='ltr'>annulum</span> <span class='ocrx_word' id='word_1_125' title='bbox 1352 1042 1631 1090; x_wconf 77' lang='lat' dir='ltr'>cartilagineum</span> <span class='ocrx_word' id='word_1_126' title='bbox 1650 1048 1713 1090; x_wconf 87' lang='lat' dir='ltr'>qui</span> <span class='ocrx_word' id='word_1_127' title='bbox 1733 1056 1862 1090; x_wconf 62' lang='lat' dir='ltr'>capsu-</span> 
     </span>
     <span class='ocr_line' id='line_1_17' title="bbox 243 1099 1863 1148; baseline -0.002 -9"><span class='ocrx_word' id='word_1_128' title='bbox 243 1104 297 1139; x_wconf 77' lang='lat' dir='ltr'>las</span> <span class='ocrx_word' id='word_1_129' title='bbox 319 1102 458 1137; x_wconf 86' lang='lat' dir='ltr'>filicum</span> <span class='ocrx_word' id='word_1_130' title='bbox 483 1100 610 1135; x_wconf 84' lang='lat' dir='ltr'>ambit.</span> <span class='ocrx_word' id='word_1_131' title='bbox 638 1103 785 1135; x_wconf 89' lang='lat' dir='ltr'>Circum</span> <span class='ocrx_word' id='word_1_132' title='bbox 804 1100 889 1135; x_wconf 84' lang='lat' dir='ltr'>illos</span> <span class='ocrx_word' id='word_1_133' title='bbox 910 1107 1016 1135; x_wconf 82' lang='lat' dir='ltr'>certis</span> <span class='ocrx_word' id='word_1_134' title='bbox 1039 1100 1239 1136; x_wconf 83' lang='lat' dir='ltr'>intervallis</span> <span class='ocrx_word' id='word_1_135' title='bbox 1262 1100 1449 1148; x_wconf 87' lang='lat' dir='ltr'>pennulae</span> <span class='ocrx_word' id='word_1_136' title='bbox 1472 1099 1703 1134; x_wconf 86' lang='lat' dir='ltr'>brevissimae</span> <span class='ocrx_word' id='word_1_137' title='bbox 1722 1100 1863 1148; x_wconf 88' lang='lat' dir='ltr'>palma-</span> 
     </span>
     <span class='ocr_line' id='line_1_18' title="bbox 244 1155 1861 1206; baseline -0.001 -11"><span class='ocrx_word' id='word_1_138' title='bbox 244 1171 324 1205; x_wconf 80' lang='lat' dir='ltr'>tae,</span> <span class='ocrx_word' id='word_1_139' title='bbox 344 1169 385 1194; x_wconf 88' lang='lat' dir='ltr'>ut</span> <span class='ocrx_word' id='word_1_140' title='bbox 400 1169 525 1194; x_wconf 87' lang='lat' dir='ltr'>tamen</span> <span class='ocrx_word' id='word_1_141' title='bbox 541 1157 632 1192; x_wconf 84' lang='lat' dir='ltr'>radii</span> <span class='ocrx_word' id='word_1_142' title='bbox 656 1170 733 1191; x_wconf 86' lang='lat' dir='ltr'>non</span> <span class='ocrx_word' id='word_1_143' title='bbox 748 1168 969 1206; x_wconf 77' lang='lat' dir='ltr'>appareant,</span> <span class='ocrx_word' id='word_1_144' title='bbox 989 1158 1054 1192; x_wconf 87' lang='lat' dir='ltr'>sed</span> <span class='ocrx_word' id='word_1_145' title='bbox 1074 1157 1267 1206; x_wconf 86' lang='lat' dir='ltr'>squamula</span> <span class='ocrx_word' id='word_1_146' title='bbox 1290 1156 1489 1192; x_wconf 87' lang='lat' dir='ltr'>rotundata</span> <span class='ocrx_word' id='word_1_147' title='bbox 1504 1155 1578 1191; x_wconf 73' lang='lat' dir='ltr'>fere</span> <span class='ocrx_word' id='word_1_148' title='bbox 1592 1168 1669 1191; x_wconf 89' lang='lat' dir='ltr'>esse</span> <span class='ocrx_word' id='word_1_149' title='bbox 1688 1156 1861 1193; x_wconf 86' lang='lat' dir='ltr'>videatur.</span> 
     </span>
     <span class='ocr_line' id='line_1_19' title="bbox 244 1213 1862 1263; baseline -0.002 -11"><span class='ocrx_word' id='word_1_150' title='bbox 244 1218 334 1253; x_wconf 81' lang='lat' dir='ltr'>Post</span> <span class='ocrx_word' id='word_1_151' title='bbox 357 1215 422 1251; x_wconf 84' lang='lat' dir='ltr'>has</span> <span class='ocrx_word' id='word_1_152' title='bbox 438 1214 531 1250; x_wconf 84' lang='lat' dir='ltr'>aliae</span> <span class='ocrx_word' id='word_1_153' title='bbox 550 1219 664 1262; x_wconf 81' lang='lat' dir='ltr'>magis</span> <span class='ocrx_word' id='word_1_154' title='bbox 683 1220 872 1263; x_wconf 79' lang='lat' dir='ltr'>magisque</span> <span class='ocrx_word' id='word_1_155' title='bbox 895 1214 1038 1250; x_wconf 85' lang='lat' dir='ltr'>ciliatae</span> <span class='ocrx_word' id='word_1_156' title='bbox 1054 1224 1089 1250; x_wconf 89' lang='lat' dir='ltr'>et</span> <span class='ocrx_word' id='word_1_157' title='bbox 1105 1214 1301 1263; x_wconf 84' lang='lat' dir='ltr'>palmatae.</span> <span class='ocrx_word' id='word_1_158' title='bbox 1330 1216 1393 1249; x_wconf 80' lang='lat' dir='ltr'>Iris</span> <span class='ocrx_word' id='word_1_159' title='bbox 1413 1213 1514 1248; x_wconf 90' lang='lat' dir='ltr'>nudo</span> <span class='ocrx_word' id='word_1_160' title='bbox 1531 1213 1642 1248; x_wconf 91' lang='lat' dir='ltr'>oculo</span> <span class='ocrx_word' id='word_1_161' title='bbox 1658 1218 1762 1261; x_wconf 83' lang='lat' dir='ltr'>nigra</span> <span class='ocrx_word' id='word_1_162' title='bbox 1776 1219 1862 1260; x_wconf 88' lang='lat' dir='ltr'>visa,</span> 
     </span>
     <span class='ocr_line' id='line_1_20' title="bbox 243 1271 1733 1320; baseline -0.003 -10"><span class='ocrx_word' id='word_1_163' title='bbox 243 1274 345 1310; x_wconf 88' lang='lat' dir='ltr'>lente</span> <span class='ocrx_word' id='word_1_164' title='bbox 367 1279 480 1308; x_wconf 84' lang='lat' dir='ltr'>vitrea</span> <span class='ocrx_word' id='word_1_165' title='bbox 505 1282 675 1307; x_wconf 83' lang='lat' dir='ltr'>castaneo</span> <span class='ocrx_word' id='word_1_166' title='bbox 700 1271 827 1306; x_wconf 84' lang='lat' dir='ltr'>colore</span> <span class='ocrx_word' id='word_1_167' title='bbox 848 1282 910 1308; x_wconf 86' lang='lat' dir='ltr'>est.</span> <span class='ocrx_word' id='word_1_168' title='bbox 938 1274 1101 1320; x_wconf 85' lang='lat' dir='ltr'>Linguae</span> <span class='ocrx_word' id='word_1_169' title='bbox 1124 1271 1278 1307; x_wconf 87' lang='lat' dir='ltr'>obtusae</span> <span class='ocrx_word' id='word_1_170' title='bbox 1301 1284 1397 1320; x_wconf 84' lang='lat' dir='ltr'>apex</span> <span class='ocrx_word' id='word_1_171' title='bbox 1418 1276 1570 1318; x_wconf 82' lang='lat' dir='ltr'>integer.</span> <span class='ocrx_word' id='word_1_172' title='bbox 1730 1308 1733 1314; x_wconf 28' lang='lat' dir='ltr'><em>r</em></span> 
     </span>
    </p>

    <p class='ocr_par' dir='ltr' id='par_1_7' title="bbox 244 1327 1863 1490">
     <span class='ocr_line' id='line_1_21' title="bbox 317 1327 1863 1375; baseline -0.002 -10"><span class='ocrx_word' id='word_1_173' title='bbox 317 1333 475 1366; x_wconf 78' lang='lat' dir='ltr'>Perierat</span> <span class='ocrx_word' id='word_1_174' title='bbox 498 1343 519 1365; x_wconf 85' lang='lat' dir='ltr'>a</span> <span class='ocrx_word' id='word_1_175' title='bbox 549 1342 608 1363; x_wconf 90' lang='lat' dir='ltr'>me</span> <span class='ocrx_word' id='word_1_176' title='bbox 634 1331 850 1375; x_wconf 82' lang='lat' dir='ltr'>Peyrousius</span> <span class='ocrx_word' id='word_1_177' title='bbox 877 1328 1087 1365; x_wconf 84' lang='lat' dir='ltr'>Tolosanus</span> <span class='ocrx_word' id='word_1_178' title='bbox 1112 1334 1369 1365; x_wconf 83' lang='lat' dir='ltr'>curvirostram</span> <span class='ocrx_word' id='word_1_179' title='bbox 1395 1327 1517 1373; x_wconf 87' lang='lat' dir='ltr'>sylvae</span> <span class='ocrx_word' id='word_1_180' title='bbox 1546 1332 1693 1375; x_wconf 82' lang='lat' dir='ltr'>nigrae,</span> <span class='ocrx_word' id='word_1_181' title='bbox 1719 1337 1759 1363; x_wconf 90' lang='lat' dir='ltr'>ut</span> <span class='ocrx_word' id='word_1_182' title='bbox 1778 1340 1863 1363; x_wconf 91' lang='lat' dir='ltr'>cum</span> 
     </span>
     <span class='ocr_line' id='line_1_22' title="bbox 244 1384 1862 1438; baseline -0.001 -16"><span class='ocrx_word' id='word_1_183' title='bbox 244 1392 440 1438; x_wconf 76' lang='lat' dir='ltr'>pyrenaica</span> <span class='ocrx_word' id='word_1_184' title='bbox 461 1395 712 1433; x_wconf 77' lang='lat' dir='ltr'>compararet,</span> <span class='ocrx_word' id='word_1_185' title='bbox 729 1395 765 1419; x_wconf 87' lang='lat' dir='ltr'>et</span> <span class='ocrx_word' id='word_1_186' title='bbox 784 1385 941 1419; x_wconf 85' lang='lat' dir='ltr'>eandem</span> <span class='ocrx_word' id='word_1_187' title='bbox 958 1391 1100 1432; x_wconf 76' lang='lat' dir='ltr'>reperit.</span> <span class='ocrx_word' id='word_1_188' title='bbox 1121 1387 1217 1419; x_wconf 86' lang='lat' dir='ltr'>Mari</span> <span class='ocrx_word' id='word_1_189' title='bbox 1233 1384 1339 1418; x_wconf 85' lang='lat' dir='ltr'>color</span> <span class='ocrx_word' id='word_1_190' title='bbox 1353 1389 1479 1418; x_wconf 84' lang='lat' dir='ltr'>varius.</span> <span class='ocrx_word' id='word_1_191' title='bbox 1509 1387 1662 1420; x_wconf 81' lang='lat' dir='ltr'>Femina</span> <span class='ocrx_word' id='word_1_192' title='bbox 1682 1385 1862 1420; x_wconf 78' lang='lat' dir='ltr'>unicolor.</span> 
     </span>
     <span class='ocr_line' id='line_1_23' title="bbox 245 1439 1863 1490; baseline -0.002 -10"><span class='ocrx_word' id='word_1_193' title='bbox 245 1447 351 1482; x_wconf 87' lang='lat' dir='ltr'>Duas</span> <span class='ocrx_word' id='word_1_194' title='bbox 378 1454 511 1490; x_wconf 87' lang='lat' dir='ltr'>nempe</span> <span class='ocrx_word' id='word_1_195' title='bbox 540 1446 680 1490; x_wconf 83' lang='lat' dir='ltr'>species</span> <span class='ocrx_word' id='word_1_196' title='bbox 707 1439 792 1476; x_wconf 81' lang='lat' dir='ltr'>facit</span> <span class='ocrx_word' id='word_1_197' title='bbox 813 1442 1017 1476; x_wconf 76' lang='lat' dir='ltr'>Barrerius</span> <span class='ocrx_word' id='word_1_198' title='bbox 1048 1440 1296 1488; x_wconf 72' lang='lat' dir='ltr'>Omicholog.</span> <span class='ocrx_word' id='word_1_199' title='bbox 1326 1440 1494 1488; x_wconf 80' lang='lat' dir='ltr'>Specim.</span> <span class='ocrx_word' id='word_1_200' title='bbox 1525 1439 1624 1477; x_wconf 83' lang='lat' dir='ltr'>Gen.</span> <span class='ocrx_word' id='word_1_201' title='bbox 1650 1442 1863 1477; x_wconf 83' lang='lat' dir='ltr'><em>XXVIII.</em></span> 
     </span>
    </p>
   </div>
   <div class='ocr_carea' id='block_1_3' title="bbox 242 1501 1462 1611">
    <p class='ocr_par' dir='ltr' id='par_1_8' title="bbox 242 1501 1462 1611">
     <span class='ocr_line' id='line_1_24' title="bbox 242 1501 1462 1611; baseline -0.002 0"><span class='ocrx_word' id='word_1_202' title='bbox 242 1501 354 1552; x_wconf 30' lang='lat'>17⁸5&amp;</span> <span class='ocrx_word' id='word_1_203' title='bbox 645 1567 906 1611; x_wconf 87' lang='lat' dir='ltr'><strong>LOXIA</strong></span> <span class='ocrx_word' id='word_1_204' title='bbox 958 1566 1462 1610; x_wconf 87' lang='lat' dir='ltr'><strong>ORYZIVORA.</strong></span> 
     </span>
    </p>
   </div>
   <div class='ocr_carea' id='block_1_4' title="bbox 246 1663 1862 2328">
    <p class='ocr_par' dir='ltr' id='par_1_9' title="bbox 246 1663 1862 1886">
     <span class='ocr_line' id='line_1_25' title="bbox 318 1663 1861 1715; baseline -0.001 -13"><span class='ocrx_word' id='word_1_205' title='bbox 318 1668 410 1703; x_wconf 82' lang='lat' dir='ltr'>V1D1</span> <span class='ocrx_word' id='word_1_206' title='bbox 431 1666 529 1715; x_wconf 87' lang='lat' dir='ltr'>apud</span> <span class='ocrx_word' id='word_1_207' title='bbox 547 1665 793 1701; x_wconf 84' lang='lat' dir='ltr'>Treuttelium</span> <span class='ocrx_word' id='word_1_208' title='bbox 818 1666 888 1701; x_wconf 86' lang='lat' dir='ltr'>Ao.</span> <span class='ocrx_word' id='word_1_209' title='bbox 913 1665 943 1700; x_wconf 80' lang='lat'>3.</span> <span class='ocrx_word' id='word_1_210' title='bbox 966 1664 1111 1713; x_wconf 75' lang='lat'>(1794.)</span> <span class='ocrx_word' id='word_1_211' title='bbox 1133 1670 1232 1700; x_wconf 90' lang='lat' dir='ltr'>vivos</span> <span class='ocrx_word' id='word_1_212' title='bbox 1254 1664 1346 1700; x_wconf 85' lang='lat' dir='ltr'>duos</span> <span class='ocrx_word' id='word_1_213' title='bbox 1361 1675 1498 1708; x_wconf 86' lang='lat' dir='ltr'>mares,</span> <span class='ocrx_word' id='word_1_214' title='bbox 1520 1675 1707 1712; x_wconf 86' lang='lat' dir='ltr'>unamque</span> <span class='ocrx_word' id='word_1_215' title='bbox 1732 1663 1861 1700; x_wconf 84' lang='lat' dir='ltr'>femel-</span> 
     </span>
     <span class='ocr_line' id='line_1_26' title="bbox 246 1721 1862 1771; baseline -0.002 -11"><span class='ocrx_word' id='word_1_216' title='bbox 246 1726 344 1769; x_wconf 81' lang='lat' dir='ltr'>lam3</span> <span class='ocrx_word' id='word_1_217' title='bbox 367 1724 540 1759; x_wconf 81' lang='lat' dir='ltr'>dicebant</span> <span class='ocrx_word' id='word_1_218' title='bbox 562 1736 680 1758; x_wconf 82' lang='lat' dir='ltr'>mares</span> <span class='ocrx_word' id='word_1_219' title='bbox 700 1735 843 1771; x_wconf 81' lang='lat' dir='ltr'>semper</span> <span class='ocrx_word' id='word_1_220' title='bbox 859 1723 904 1757; x_wconf 84' lang='lat' dir='ltr'>de</span> <span class='ocrx_word' id='word_1_221' title='bbox 923 1721 1008 1757; x_wconf 82' lang='lat' dir='ltr'>loco</span> <span class='ocrx_word' id='word_1_222' title='bbox 1026 1722 1230 1771; x_wconf 89' lang='lat' dir='ltr'>disceptare</span> <span class='ocrx_word' id='word_1_223' title='bbox 1250 1721 1408 1756; x_wconf 84' lang='lat' dir='ltr'>feminae</span> <span class='ocrx_word' id='word_1_224' title='bbox 1426 1726 1606 1769; x_wconf 84' lang='lat' dir='ltr'>proximo.</span> <span class='ocrx_word' id='word_1_225' title='bbox 1635 1721 1775 1756; x_wconf 87' lang='lat' dir='ltr'>Omnes</span> <span class='ocrx_word' id='word_1_226' title='bbox 1791 1731 1862 1757; x_wconf 88' lang='lat' dir='ltr'>tres</span> 
     </span>
     <span class='ocr_line' id='line_1_27' title="bbox 246 1777 1861 1830; baseline -0.002 -13"><span class='ocrx_word' id='word_1_227' title='bbox 246 1792 413 1830; x_wconf 81' lang='lat' dir='ltr'>tempora</span> <span class='ocrx_word' id='word_1_228' title='bbox 436 1779 518 1815; x_wconf 86' lang='lat' dir='ltr'>alba</span> <span class='ocrx_word' id='word_1_229' title='bbox 538 1780 756 1816; x_wconf 84' lang='lat' dir='ltr'>habuerunt.</span> <span class='ocrx_word' id='word_1_230' title='bbox 783 1779 966 1815; x_wconf 85' lang='lat' dir='ltr'>Omnibus</span> <span class='ocrx_word' id='word_1_231' title='bbox 987 1779 1101 1815; x_wconf 83' lang='lat' dir='ltr'>tribus</span> <span class='ocrx_word' id='word_1_232' title='bbox 1125 1779 1219 1814; x_wconf 83' lang='lat' dir='ltr'>basis</span> <span class='ocrx_word' id='word_1_233' title='bbox 1233 1784 1340 1814; x_wconf 80' lang='lat' dir='ltr'>rostri</span> <span class='ocrx_word' id='word_1_234' title='bbox 1362 1777 1543 1814; x_wconf 86' lang='lat' dir='ltr'>tumidula</span> <span class='ocrx_word' id='word_1_235' title='bbox 1566 1783 1668 1826; x_wconf 87' lang='lat' dir='ltr'>quasi</span> <span class='ocrx_word' id='word_1_236' title='bbox 1683 1790 1861 1815; x_wconf 85' lang='lat' dir='ltr'>caruncu-</span> 
     </span>
     <span class='ocr_line' id='line_1_28' title="bbox 246 1839 743 1886; baseline -0.004 -11"><span class='ocrx_word' id='word_1_237' title='bbox 246 1839 320 1876; x_wconf 75' lang='lat' dir='ltr'>lata</span> <span class='ocrx_word' id='word_1_238' title='bbox 336 1844 457 1886; x_wconf 81' lang='lat' dir='ltr'>potius</span> <span class='ocrx_word' id='word_1_239' title='bbox 473 1850 583 1885; x_wconf 84' lang='lat' dir='ltr'>quam</span> <span class='ocrx_word' id='word_1_240' title='bbox 599 1850 743 1873; x_wconf 84' lang='lat' dir='ltr'>cornea.</span> 
     </span>
    </p>

    <p class='ocr_par' dir='ltr' id='par_1_10' title="bbox 247 1892 1862 2102">
     <span class='ocr_line' id='line_1_29' title="bbox 320 1892 1859 1943; baseline -0.001 -13"><span class='ocrx_word' id='word_1_241' title='bbox 320 1894 485 1931; x_wconf 89' lang='lat' dir='ltr'>Maribus</span> <span class='ocrx_word' id='word_1_242' title='bbox 516 1900 690 1929; x_wconf 82' lang='lat' dir='ltr'>verticem</span> <span class='ocrx_word' id='word_1_243' title='bbox 722 1905 872 1943; x_wconf 89' lang='lat' dir='ltr'>quoque</span> <span class='ocrx_word' id='word_1_244' title='bbox 898 1893 1040 1927; x_wconf 84' lang='lat' dir='ltr'>nudum</span> <span class='ocrx_word' id='word_1_245' title='bbox 1064 1902 1127 1928; x_wconf 86' lang='lat' dir='ltr'>aut</span> <span class='ocrx_word' id='word_1_246' title='bbox 1154 1893 1316 1929; x_wconf 88' lang='lat' dir='ltr'>frontem</span> <span class='ocrx_word' id='word_1_247' title='bbox 1347 1905 1422 1928; x_wconf 84' lang='lat' dir='ltr'>esse</span> <span class='ocrx_word' id='word_1_248' title='bbox 1451 1892 1633 1928; x_wconf 85' lang='lat' dir='ltr'>dixerunt.</span> <span class='ocrx_word' id='word_1_249' title='bbox 1674 1892 1859 1929; x_wconf 87' lang='lat' dir='ltr'>Cantillat.</span> 
     </span>
     <span class='ocr_line' id='line_1_30' title="bbox 248 1949 1860 2001; baseline -0.001 -13"><span class='ocrx_word' id='word_1_250' title='bbox 248 1951 434 2001; x_wconf 84' lang='lat' dir='ltr'>Supersuit</span> <span class='ocrx_word' id='word_1_251' title='bbox 456 1964 532 1986; x_wconf 84' lang='lat' dir='ltr'>mas</span> <span class='ocrx_word' id='word_1_252' title='bbox 559 1962 596 1987; x_wconf 89' lang='lat' dir='ltr'>et</span> <span class='ocrx_word' id='word_1_253' title='bbox 618 1951 766 1987; x_wconf 80' lang='lat' dir='ltr'>femina.</span> <span class='ocrx_word' id='word_1_254' title='bbox 803 1951 885 1986; x_wconf 87' lang='lat' dir='ltr'>Mas</span> <span class='ocrx_word' id='word_1_255' title='bbox 912 1949 1087 1985; x_wconf 82' lang='lat' dir='ltr'>feminam</span> <span class='ocrx_word' id='word_1_256' title='bbox 1109 1950 1295 1986; x_wconf 84' lang='lat' dir='ltr'>osculatus</span> <span class='ocrx_word' id='word_1_257' title='bbox 1321 1960 1358 1986; x_wconf 84' lang='lat' dir='ltr'>et</span> <span class='ocrx_word' id='word_1_258' title='bbox 1383 1962 1468 1986; x_wconf 89' lang='lat' dir='ltr'>cum</span> <span class='ocrx_word' id='word_1_259' title='bbox 1491 1962 1533 1984; x_wconf 85' lang='lat' dir='ltr'>ea</span> <span class='ocrx_word' id='word_1_260' title='bbox 1558 1955 1632 1984; x_wconf 87' lang='lat' dir='ltr'>coit</span> <span class='ocrx_word' id='word_1_261' title='bbox 1660 1949 1860 1986; x_wconf 88' lang='lat' dir='ltr'>infecundo</span> 
     </span>
     <span class='ocr_line' id='line_1_31' title="bbox 247 2006 1862 2056; baseline -0.001 -12"><span class='ocrx_word' id='word_1_262' title='bbox 247 2010 335 2045; x_wconf 88' lang='lat' dir='ltr'>lieet</span> <span class='ocrx_word' id='word_1_263' title='bbox 353 2018 448 2044; x_wconf 86' lang='lat' dir='ltr'>actu.</span> <span class='ocrx_word' id='word_1_264' title='bbox 475 2010 598 2056; x_wconf 83' lang='lat' dir='ltr'>Atque</span> <span class='ocrx_word' id='word_1_265' title='bbox 624 2009 708 2043; x_wconf 85' lang='lat' dir='ltr'>huie</span> <span class='ocrx_word' id='word_1_266' title='bbox 731 2007 890 2043; x_wconf 87' lang='lat' dir='ltr'>feminae</span> <span class='ocrx_word' id='word_1_267' title='bbox 919 2020 1006 2042; x_wconf 86' lang='lat' dir='ltr'>sane</span> <span class='ocrx_word' id='word_1_268' title='bbox 1031 2017 1199 2056; x_wconf 88' lang='lat' dir='ltr'>tempora</span> <span class='ocrx_word' id='word_1_269' title='bbox 1217 2008 1302 2044; x_wconf 84' lang='lat' dir='ltr'>alba</span> <span class='ocrx_word' id='word_1_270' title='bbox 1331 2018 1367 2044; x_wconf 89' lang='lat' dir='ltr'>et</span> <span class='ocrx_word' id='word_1_271' title='bbox 1390 2017 1549 2043; x_wconf 86' lang='lat' dir='ltr'>rostrum</span> <span class='ocrx_word' id='word_1_272' title='bbox 1575 2006 1726 2042; x_wconf 83' lang='lat' dir='ltr'>rubrum</span> <span class='ocrx_word' id='word_1_273' title='bbox 1745 2020 1862 2056; x_wconf 86' lang='lat' dir='ltr'>aeque</span> 
     </span>
     <span class='ocr_line' id='line_1_32' title="bbox 247 2071 409 2102; baseline -0.019 0"><span class='ocrx_word' id='word_1_274' title='bbox 247 2080 289 2102; x_wconf 85' lang='lat' dir='ltr'>ac</span> <span class='ocrx_word' id='word_1_275' title='bbox 309 2071 409 2100; x_wconf 87' lang='lat' dir='ltr'>mari.</span> 
     </span>
    </p>

    <p class='ocr_par' dir='ltr' id='par_1_11' title="bbox 248 2120 1862 2285">
     <span class='ocr_line' id='line_1_33' title="bbox 321 2120 1860 2170; baseline 0.001 -13"><span class='ocrx_word' id='word_1_276' title='bbox 321 2125 391 2157; x_wconf 89' lang='lat' dir='ltr'>Ao.</span> <span class='ocrx_word' id='word_1_277' title='bbox 406 2136 437 2170; x_wconf 90' lang='lat'>7.</span> <span class='ocrx_word' id='word_1_278' title='bbox 462 2122 585 2170; x_wconf 75' lang='lat'>(1798.</span> <span class='ocrx_word' id='word_1_279' title='bbox 613 2121 647 2157; x_wconf 84' lang='lat' dir='ltr'>d.</span> <span class='ocrx_word' id='word_1_280' title='bbox 663 2123 716 2158; x_wconf 81' lang='lat'>25.</span> <span class='ocrx_word' id='word_1_281' title='bbox 742 2121 866 2169; x_wconf 83' lang='lat' dir='ltr'>Febr.)</span> <span class='ocrx_word' id='word_1_282' title='bbox 898 2135 969 2157; x_wconf 90' lang='lat' dir='ltr'>una</span> <span class='ocrx_word' id='word_1_283' title='bbox 993 2121 1141 2157; x_wconf 86' lang='lat' dir='ltr'>illarum</span> <span class='ocrx_word' id='word_1_284' title='bbox 1159 2122 1499 2158; x_wconf 85' lang='lat' dir='ltr'>Treuttelianarum</span> <span class='ocrx_word' id='word_1_285' title='bbox 1523 2120 1683 2156; x_wconf 87' lang='lat' dir='ltr'>mascula</span> <span class='ocrx_word' id='word_1_286' title='bbox 1705 2131 1860 2158; x_wconf 85' lang='lat' dir='ltr'>mortua.</span> 
     </span>
     <span class='ocr_line' id='line_1_34' title="bbox 248 2179 1862 2228; baseline -0.001 -12"><span class='ocrx_word' id='word_1_287' title='bbox 248 2179 416 2216; x_wconf 71' lang='lat' dir='ltr'>orbitam</span> <span class='ocrx_word' id='word_1_288' title='bbox 436 2185 509 2214; x_wconf 88' lang='lat' dir='ltr'>sive</span> <span class='ocrx_word' id='word_1_289' title='bbox 528 2185 730 2227; x_wconf 79' lang='lat' dir='ltr'>marginem</span> <span class='ocrx_word' id='word_1_290' title='bbox 743 2179 1000 2228; x_wconf 84' lang='lat' dir='ltr'>palpebrarum</span> <span class='ocrx_word' id='word_1_291' title='bbox 1016 2185 1171 2215; x_wconf 90' lang='lat' dir='ltr'>omnino</span> <span class='ocrx_word' id='word_1_292' title='bbox 1191 2179 1355 2225; x_wconf 87' lang='lat' dir='ltr'>nudum,</span> <span class='ocrx_word' id='word_1_293' title='bbox 1370 2179 1595 2228; x_wconf 82' lang='lat' dir='ltr'>papillosum</span> <span class='ocrx_word' id='word_1_294' title='bbox 1616 2184 1744 2227; x_wconf 88' lang='lat' dir='ltr'>reperi.</span> <span class='ocrx_word' id='word_1_295' title='bbox 1766 2181 1862 2214; x_wconf 81' lang='lat' dir='ltr'>Basis</span> 
     </span>
     <span class='ocr_line' id='line_1_35' title="bbox 248 2235 1860 2285; baseline -0.001 -14"><span class='ocrx_word' id='word_1_296' title='bbox 248 2243 354 2272; x_wconf 75' lang='lat' dir='ltr'>rostri</span> <span class='ocrx_word' id='word_1_297' title='bbox 371 2247 489 2273; x_wconf 82' lang='lat' dir='ltr'>retusa</span> <span class='ocrx_word' id='word_1_298' title='bbox 509 2236 646 2284; x_wconf 81' lang='lat' dir='ltr'>angulo</span> <span class='ocrx_word' id='word_1_299' title='bbox 667 2242 705 2271; x_wconf 90' lang='lat' dir='ltr'>in</span> <span class='ocrx_word' id='word_1_300' title='bbox 724 2236 883 2272; x_wconf 83' lang='lat' dir='ltr'>frontem</span> <span class='ocrx_word' id='word_1_301' title='bbox 900 2243 1067 2274; x_wconf 85' lang='lat' dir='ltr'>intrante.</span> <span class='ocrx_word' id='word_1_302' title='bbox 1093 2238 1267 2273; x_wconf 82' lang='lat' dir='ltr'>Rostrum</span> <span class='ocrx_word' id='word_1_303' title='bbox 1284 2249 1371 2273; x_wconf 81' lang='lat' dir='ltr'>sane</span> <span class='ocrx_word' id='word_1_304' title='bbox 1385 2249 1462 2272; x_wconf 88' lang='lat' dir='ltr'>non</span> <span class='ocrx_word' id='word_1_305' title='bbox 1479 2236 1647 2283; x_wconf 85' lang='lat' dir='ltr'>rubrum,</span> <span class='ocrx_word' id='word_1_306' title='bbox 1661 2236 1725 2272; x_wconf 86' lang='lat' dir='ltr'>sed</span> <span class='ocrx_word' id='word_1_307' title='bbox 1737 2235 1860 2285; x_wconf 89' lang='lat' dir='ltr'>plum-</span> 
     </span>
    </p>

    <p class='ocr_par' dir='ltr' id='par_1_12' title="bbox 1751 2291 1862 2328">
     <span class='ocr_line' id='line_1_36' title="bbox 1751 2291 1862 2328; baseline 0.009 -1"><span class='ocrx_word' id='word_1_308' title='bbox 1751 2291 1862 2328; x_wconf 90' lang='lat' dir='ltr'>beum</span> 
     </span>
    </p>
   </div>
  </div>
 </body>
</html>
