2054 2748
899 161 1113 190 AVES.
1230 183 1233 185 .
1730 168 1812 211 205

204 254 241 280 et
261 244 386 280 turdus
410 256 565 279 canorus
594 243 860 279 arundinaceus
891 243 1046 279 Kleinii
1069 247 1152 281 Av.
1179 259 1216 293 p.
1234 258 1289 293 71.
1314 256 1351 281 et
1377 245 1519 282 Becker·
1537 251 1579 283 ἱη
1598 250 1812 298 Naczcrsor-

205 302 320 338 soher
333 303 476 337 XVII.
507 315 545 350 p.
569 302 626 337 85.
659 301 820 336 Alterius
848 314 997 349 quoque
1025 308 1178 351 speciei,
1212 308 1363 338 nomine
1401 304 1522 338 Turdi
1555 306 1815 344 calczmooeeni

205 365 437 393 mentionem
456 358 542 393 facit
568 359 855 395 Nozemcmnzcs
877 359 959 393 Av.
989 359 1086 407 belg.
1112 361 1191 396 cab.
1217 366 1359 396 rarioris
1382 361 1656 408 arundiuaceO,
1679 374 1813 400 statura

204 422 369 461 minore,
392 422 512 464 capite
536 422 683 451 cinereo
696 443 705 460 ,
729 415 839 450 dorso
859 421 972 463 magis
992 415 1218 463 ferrugineo,
1238 417 1447 453 rectricibus
1466 417 1607 454 duabus
1627 427 1813 456 exteriori-

205 472 271 508 bus
291 472 384 508 albis
400 473 531 510 differt.
559 475 724 521 Utraque
742 477 881 520 species
895 477 1040 507 insectis
1054 478 1203 509 victitat.
1223 475 1363 509 Nidum
1383 481 1418 510 in
1434 476 1672 511 arundinibus
1688 477 1812 523 figunt

276 531 417 566 Nidum
437 531 531 566 turdi
550 535 725 578 scii-pacei
739 528 852 564 habet
870 530 935 565 W
932 533 1119 578 irsingizcs
1134 534 1177 565 in
1194 531 1350 567 c‘ollecc.
1367 533 1460 569 Nicl.
1480 542 1519 568 ec
1535 534 1608 569 Ov.
1620 534 1813 569 cabisls.

204 587 269 622 sed
288 600 366 622 non
381 588 429 623 ad
448 599 570 623 veram
593 599 699 622 avem
719 586 880 622 refertur.
908 587 1012 623 Conf.
1029 600 1122 636 quae
1137 593 1175 623 in
1190 599 1280 624 nota
1295 589 1342 625 ad
1357 589 1452 625 illud
1472 600 1580 639 caput
1595 596 1634 626 in
1648 597 1813 630 version-s

203 644 336 692 gallica
354 646 429 690 ejus
447 643 551 689 libri,
574 656 656 692 pag.
676 643 731 679 ει.
751 643 837 679 dixi.

552 760 808 804 LOXIA
854 760 1471 806 CURVIROSTRA.

273 870 412 919 Accepi
432 870 503 905 Ao.
527 871 627 918 1780.
650 880 809 919 quatuor
825 878 1024 920 specimina
1043 885 1089 907 ex
1106 871 1203 918 sylva
1225 877 1338 920 nigra.
1364 874 1492 909 Unum
1511 878 1551 907 in
1571 878 1701 910 itinere
1716 887 1813 912 mor-

201 937 321 971 tuum3
343 927 499 962 alterum
521 927 634 975 paulo
661 938 745 976 post
763 928 972 965 adventum.
1009 929 1187 978 Reliquae
1216 929 1310 965 duae
1329 942 1411 965 aves
1434 940 1584 978 vegetae
1603 938 1813 979 supervixe-

198 995 292 1019 runt.
319 986 356 1019 N
359 989 463 1019 utrivi
482 989 622 1018 semine
646 985 833 1020 cannabis.

270 1040 399 1075 Altera
418 1039 576 1088 pulchre
595 1040 725 1086 rubra3
748 1041 863 1077 altera
883 1041 1022 1086 viridis,
1042 1048 1188 1090 utrique
1211 1047 1361 1078 crissum
1386 1043 1613 1079 maculatum
1626 1073 1635 1091 ,
1655 1046 1757 1094 quod
1779 1057 1815 1082 et

197 1103 236 1132 in
257 1097 330 1132 alio
352 1098 454 1131 Anni
470 1100 502 1132 ὃ.
526 1097 695 1144 (1800.);
721 1104 867 1147 utrique
886 1109 1045 1134 rostrum
1062 1105 1226 1147 superius
1249 1099 1498 1145 dextrorsum,
1515 1101 1570 1136 illi
1588 1102 1689 1136 Anni
1712 1105 1811 1140 1800.

197 1160 455 1190 sinistrorsum.
475 1153 623 1189 Caudae
638 1160 807 1190 rectrices
826 1155 976 1191 detritas
995 1161 1195 1192 successive
1214 1163 1374 1203 extraxi,
1390 1157 1539 1193 alternis
1554 1158 1681 1194 diebus
1700 1173 1813 1196 unam

197 1222 261 1247 aut
280 1211 445 1247 alteram.
472 1212 637 1246 Renatae
656 1221 742 1247 sunt
760 1225 838 1247 non
852 1218 948 1248 intra
964 1213 1245 1262 quatuordecim
1264 1214 1360 1261 dies,
1379 1220 1432 1250 uti
1447 1226 1710 1252 asseveraverat
1730 1224 1811 1266 qui-

197 1269 304 1313 dam,
327 1269 390 1304 sed
409 1278 492 1317 post
517 1279 676 1317 quatuor
696 1279 758 1304 aut
778 1283 841 1305 sex
860 1275 1090 1318 septimanas.

270 1325 393 1360 Rubra
412 1331 612 1361 successive
632 1332 752 1361 amisit
772 1326 938 1361 colorem
961 1326 1111 1361 rubrum
1138 1336 1174 1362 et
1192 1327 1314 1362 viridis
1335 1333 1455 1363 evasit.
1482 1329 1701 1376 Irrequieta,
1730 1342 1812 1366 eva—

198 1383 466 1425 deretentans,
486 1381 638 1415 fibulam
660 1393 734 1428 quo
756 1382 944 1416 vasculum
963 1382 1160 1428 figebatur,
1182 1383 1369 1426 mordens,
1383 1383 1604 1431 vasculaque
1625 1385 1811 1433 dejiciens,

156 1446 161 1449 '
196 1437 351 1474 bacillos
368 1437 503 1472 rodens
522 1446 558 1472 et
576 1436 751 1482 dejiciens
766 1436 888 1472 donec
904 1442 1071 1485 superior
1089 1437 1329 1474 auferebatur.
1357 1439 1416 1474 Sic
1433 1450 1468 1476 et
1485 1440 1557 1476 alia
1573 1454 1684 1490 quam
1694 1445 1764 1480 Ao.
1777 1448 1811 1482 8.

198 1494 345 1543 (1800.)
372 1493 466 1539 alui,
485 1499 582 1529 mitis
606 1503 770 1528 ceterum
795 1504 832 1529 et
851 1499 1067 1541 captivitatis
1096 1495 1171 1540 jam
1192 1495 1333 1530 dudum
1355 1502 1521 1544 patiens⁷
1545 1511 1622 1533 non
1646 1499 1715 1536 fert
1735 1515 1811 1538 vas-

197 1551 279 1586 cula
292 1580 300 1596 ,
322 1557 359 1585 in
376 1550 506 1599 quibus
526 1549 627 1585 cibus
647 1560 802 1598 potusve
821 1549 1046 1585 offeruntur:
1067 1550 1130 1585 sed
1151 1557 1253 1586 omni
1273 1552 1357 1587 data
1374 1565 1485 1601 opera
1505 1555 1645 1601 dejicit,
1663 1559 1811 1595 convel-

196 1608 261 1653 lit,
289 1618 326 1643 et
352 1607 472 1642 soluta
502 1617 617 1643 rostro
643 1606 862 1643 circumfert.
900 1607 951 1642 Os
975 1606 1042 1641 sibi
1069 1613 1200 1655 aperiri
1225 1618 1261 1643 et
1290 1608 1453 1657 linguam
1486 1616 1615 1659 inspici
1645 1619 1808 1662 patiens,

195 1664 381 1700 familiarIS
397 1663 587 1699 colludere
606 1677 752 1707 amans3
768 1664 902 1712 digitos
919 1663 1182 1711 submordens,
1197 1665 1360 1702 insiliens
1375 1677 1443 1702 etc.
1463 1674 1623 1704 maxime
1638 1670 1701 1706 ubi
1715 1684 1808 1709 sono

197 1721 333 1758 csclzwi
359 1721 496 1755 csclzwi
515 1720 733 1756 alliceretur.

268 1777 426 1814 Praebui
453 1790 570 1812 conos
598 1784 704 1826 pinus
737 1777 917 1823 sylvestris
940 1788 977 1814 et
1008 1785 1156 1827 piceae,
1188 1792 1280 1828 quos
1311 1781 1456 1817 sustulit
1485 1792 1522 1818 et
1552 1783 1807 1834 decorticavit,

195 1846 422 1884 quamquam
442 1834 499 1868 isti
531 1834 629 1878 duri,
653 1833 690 1869 hi
709 1834 924 1882 subputridi.
953 1836 1115 1870 Multum
1143 1843 1180 1871 in
1206 1837 1278 1872 illis
1302 1849 1522 1887 occupatus,
1546 1852 1582 1877 et
1605 1841 1711 1878 facile
1736 1845 1806 1880 tol-

196 1892 288 1928 lens.
316 1890 491 1926 Surculos
510 1904 660 1939 quoque
677 1891 805 1926 abietis
826 1891 956 1927 rodere
975 1899 1120 1928 amavit.
1150 1894 1319 1939 Thuyam
1336 1903 1564 1945 propositam
1587 1905 1646 1935 vix
1668 1908 1805 1938 arrosit.

195 1948 314 1985 Paulo
334 1948 416 1997 plus
436 1961 666 1997 cupressum,
687 1959 726 1985 ut
742 1959 864 1985 tamen
880 1949 991 1998 paulo
1011 1961 1093 1998 post
1108 1951 1156 1986 ad
1175 1962 1312 1987 veteres
1331 1947 1458 1989 abietis
1478 1955 1648 2004 reliquias
1664 1959 1805 1994 rediret

195 2005 301 2042 Folia
320 2011 430 2040 etiam
461 2006 615 2042 aliarum
641 2008 885 2042 coniferarum
916 2014 1142 2043 exoticarum
1170 2014 1219 2044 ita
1248 2016 1356 2055 rosit,
1385 2021 1425 2045 ut
1448 2024 1639 2048 manerent
1663 2025 1805 2049 tantum

196 2063 319 2098 fibrae.
346 2064 597 2109 Parenchyma
629 2078 714 2100 cum
742 2065 932 2113 voluptate„
959 2064 1083 2112 lingua
1113 2076 1256 2112 gustare
1283 2066 1483 2102 videbatur.
1511 2070 1709 2104 Ramulum
1730 2077 1805 2106 exi-

196 2132 307 2168 guum
325 2121 419 2168 pede
434 2127 624 2157 continere
642 2123 689 2158 ad
705 2136 836 2158 caveae
857 2122 918 2157 fila
933 2121 1047 2157 ferrea
1071 2133 1106 2157 et
1125 2124 1297 2158 arrodere
1316 2124 1468 2160 solebat.

268 2177 356 2212 Post
375 2177 513 2224 hyemis
533 2179 667 2227 finem,
695 2186 844 2216 ineunte
867 2179 1065 2214 Februario
1086 2180 1234 2228 plumae
1257 2182 1445 2217 rubescere
1467 2188 1689 2230 inceperunt.

271 2233 397 2270 Altera
425 2236 546 2272 viridis
570 2243 685 2285 magis
712 2237 933 2287 tranquilla,
964 2243 1024 2273 vix
1054 2237 1206 2285 saliens,
1237 2251 1315 2275 non
1344 2240 1479 2275 rodens
1505 2239 1551 2275 ab
1578 2246 1707 2287 initiO,
1734 2256 1803 2279 nec
