2054 2748
780 142 1165 171 MAMMALIA.
1750 144 1775 186 7

254 229 407 270 Simia,
435 236 546 275 quam
569 226 638 260 Ao.
667 236 766 273 ¹79¹·
790 225 822 260 d.
847 224 902 260 50.
923 224 1140 259 Decembris
1158 223 1252 268 vidi,
1285 224 1322 258 S.
1345 224 1499 258 Monae
1520 226 1625 261 valde
1652 226 1777 262 similis

181 295 277 330 erat,
306 283 559 331 magnitudine
583 292 619 317 et
644 281 777 317 colore.
805 280 878 315 Sed
897 280 1028 315 nullibi
1049 280 1249 329 quidquam
1271 279 1345 314 albi
1366 279 1502 315 habuit.
1530 282 1650 317 Facies
1669 290 1778 331 nigri-

181 354 275 376 cans.
305 342 429 375 Fascia
449 339 564 375 dilute
584 343 881 386 cinereo-grisea
898 349 964 386 per
985 337 1154 373 frontem.
1179 336 1292 372 Nulla
1313 347 1500 385 utcunque
1520 336 1642 372 barba.
1668 340 1777 374 Oculi

180 397 338 432 avellani
355 397 488 432 coloris
508 403 546 431 in
565 402 722 444 griseum
741 399 966 429 transeuntis.
996 394 1155 427 Femina.
1181 395 1214 429 T
1217 407 1233 428 1
1235 393 1398 442 ”inquilla
1411 421 1420 439 7
1441 398 1584 441 quieta,
1602 395 1775 431 modesta,

181 452 255 489 Sed
275 459 313 488 in
339 453 499 489 casulam
520 464 668 501 quoque
687 461 943 500 perangustam
967 459 1043 484 erat
1063 449 1213 484 inclusa.

253 511 378 546 Gauda
399 511 482 559 pilis
498 510 591 545 bene
612 507 750 553 obsita,
775 506 1030 551 crassiuscula,
1052 505 1252 554 pulcreque
1271 512 1419 554 inte0·1a.
1446 505 1584 555 (de
1603 495 1727 553 Edc'c.)

659 621 888 664 SIMIA
932 619 1284 664 AYGULA,

247 720 290 753 In
309 717 374 753 illa
398 730 509 766 quam
536 731 604 766 ego
637 730 832 763 conservo,
864 722 1062 752 eminentia
1084 716 1201 765 pilosa
1228 722 1368 752 verticis
1387 729 1464 751 non
1483 716 1576 750 adeo
1602 716 1778 764 fastigiata

178 784 249 819 est,
277 787 389 822 quam
411 780 449 808 in
478 773 638 810 Buffonii
658 773 791 822 figura,
818 774 881 809 sed
902 780 1016 821 magis
1040 778 1200 808 cannata
1221 782 1261 807 ut
1280 778 1380 821 quasi
1399 782 1561 806 suturam
1582 771 1713 807 formet
1732 772 1777 807 ab

176 840 333 878 utroque
355 830 468 865 latere
491 843 611 866 versus
629 831 788 866 mediam
810 830 947 866 lineam
967 828 1276 878 longitudinalem
1299 829 1444 864 directis
1467 828 1550 876 pilis
1573 829 1777 874 oriundam,

176 885 249 921 fere
270 896 309 921 ut
328 893 367 921 in
387 886 498 922 Simia
518 899 601 922 mea
625 887 788 936 Sphinge
810 893 963 923 minore.
991 888 1044 923 Ut
1065 885 1158 921 adeo
1179 898 1302 923 verear
1325 885 1546 933 singularem
1569 884 1675 931 hujus
1703 897 1778 920 esse

177 952 213 977 et
233 942 479 979 distinctivum
498 943 755 979 characterem..

589 1046 821 1090 SIMIA
865 1047 1152 1093 RUBRA.
1211 1047 1370 1090 LINN.

245 1144 304 1177 EA
326 1154 437 1191 quam
462 1148 501 1178 in
527 1144 702 1179 nundinis
729 1150 869 1180 aestivis
894 1156 993 1192 1799.
1020 1145 1254 1193 Argentorat.
1285 1144 1378 1188 vidi,
1410 1154 1594 1191 quamque
1622 1142 1713 1177 falso
1741 1149 1779 1177 in

175 1198 369 1234 Catalonia
389 1210 553 1248 captam,
567 1207 793 1250 minimeque
813 1201 965 1236 Simiam
984 1214 1060 1236 esse
1080 1201 1300 1249 vulgabant,
1314 1200 1378 1235 sed
1396 1200 1497 1234 aliud
1510 1199 1646 1234 animal
1662 1205 1779 1246 capite

176 1255 326 1302 quidem
349 1261 473 1291 simiae
491 1257 556 1291 sed
572 1270 726 1304 corpore
746 1263 845 1291 canis
864 1264 988 1303 magni
1007 1259 1094 1303 graji
1107 1284 1116 1300 ‚
1136 1256 1389 1303 magnitudine
1405 1260 1547 1289 circiter
1570 1260 1668 1288 canis
1691 1256 1779 1300 graji

175 1320 271 1355 erat,
299 1323 361 1345 seu
382 1311 515 1346 Simiae
542 1311 758 1359 platypygos
784 1324 888 1346 meae
904 1339 912 1355 ,
936 1311 1000 1346 sed
1026 1311 1204 1357 gracilior.
1231 1313 1372 1357 Corpus
1398 1319 1519 1344 totum
1546 1308 1688 1353 rusum,
1715 1309 1780 1344 sed

174 1366 293 1399 multo
309 1366 439 1398 clarius
451 1373 561 1410 quam
575 1369 613 1395 in
628 1368 735 1395 icone
746 1363 1022 1395 Schreberiana.
1040 1365 1161 1395 Fascia
1174 1367 1274 1408 nigra
1289 1375 1387 1409 pone
1404 1363 1541 1396 oculos.
1561 1363 1630 1396 Pili
1645 1364 1778 1399 breves.

175 1423 276 1455 Cutis
305 1419 460 1467 desuper
483 1430 613 1453 nasum
641 1423 743 1466 quasi
773 1430 980 1466 compressa
1000 1445 1009 1463 ,
1037 1417 1225 1465 perlucida
1253 1428 1289 1453 et
1312 1418 1440 1463 rubra,
1472 1418 1574 1466 quod
1592 1418 1780 1455 Buffonius

176 1489 253 1511 non
271 1481 448 1510 meminit.
477 1476 537 1509 An
556 1487 642 1522 ergo
662 1480 800 1522 species
815 1476 990 1522 propria?

249 1533 374 1567 Gauda
394 1531 544 1566 dimidia
558 1543 603 1565 ex
617 1541 719 1579 parte
734 1531 881 1575 derosa3
903 1537 1057 1579 griseam
1070 1533 1146 1578 ejus
1164 1537 1432 1568 extremitatem
1451 1531 1577 1577 fuisse,
1596 1545 1779 1581 possessor

177 1594 334 1624 asseruit.
363 1590 487 1623 Minus
504 1600 614 1636 quam
636 1588 729 1623 aliae
752 1587 894 1623 ludicro
922 1598 957 1623 et
978 1587 1158 1636 petulanti
1186 1594 1335 1636 ingenio
1351 1617 1359 1630 ‚
1385 1594 1483 1633 imo,
1507 1588 1683 1625 referente
1703 1595 1779 1638 pic-

176 1655 256 1680 tore
278 1651 340 1693 qui
359 1651 498 1693 saepius
515 1657 596 1680 eam
615 1645 703 1680 vidit
715 1673 725 1690 ‚
745 1657 828 1680 vere
847 1645 1004 1693 stupido.
1030 1645 1168 1680 Vitium
1188 1644 1310 1680 forsan
1326 1645 1525 1692 individui,
1545 1652 1598 1682 uti
1616 1652 1655 1681 in
1681 1651 1780 1681 cani-

175 1701 243 1736 bus
260 1700 465 1749 felibusque
485 1714 768 1750 nonnumquam
790 1701 1010 1736 observatur.

248 1758 320 1791 Vix
334 1757 427 1791 nihil
446 1757 547 1792 aliud
567 1764 639 1805 egit
661 1771 772 1805 quam
790 1757 901 1793 saltus
922 1764 960 1792 in
983 1757 1100 1792 altum
1119 1758 1288 1794 omnibus
1307 1764 1453 1794 innixus
1468 1759 1630 1808 pedibus,
1658 1761 1779 1794 Prima

176 1819 255 1850 vice
285 1813 392 1849 valde
410 1824 598 1849 mansueta
630 1814 719 1849 mihi
747 1820 818 1849 visa
845 1824 881 1849 et
911 1824 1049 1849 attactu
1075 1813 1213 1858 facilis;
1241 1816 1400 1851 secunda
1420 1828 1523 1861 vero,
1548 1826 1583 1851 et
1607 1815 1680 1850 hoc
1701 1821 1779 1851 sine

178 1883 301 1906 caussa
319 1871 528 1906 iracundiae
543 1899 551 1915 ,
577 1881 742 1906 catenam
763 1878 911 1906 incensa
934 1870 1153 1917 momordit,
1175 1876 1225 1906 ita
1245 1881 1285 1908 ut
1305 1881 1452 1920 tangere
1472 1885 1551 1907 non
1572 1884 1678 1908 ausus
1701 1878 1776 1908 sim.

178 1929 334 1962 Laniarii
358 1927 470 1975 longi.
497 1929 588 1963 Mas.
619 1927 758 1975 (Trad.
778 1927 899 1976 Edcc.)

515 2031 748 2075 SIMIA
794 2031 1225 2076 CAPUCINA.
1284 2033 1454 2076 LINN.

256 2138 352 2175 1791.
379 2133 483 2164 visus.
512 2130 601 2165 Mas.
627 2129 697 2165 Pili
725 2135 763 2164 in
790 2129 894 2165 faciei
922 2129 1062 2164 ambitu
1082 2134 1224 2164 cinerei.
1251 2130 1354 2165 Nihil
1382 2135 1559 2164 incarnati
1585 2133 1622 2163 in
1645 2126 1773 2161 fronte.

183 2179 298 2219 Glans
324 2191 426 2232 penis
453 2185 679 2234 orbiculata,
713 2192 814 2235 quasi
838 2196 947 2235 caput
977 2185 1070 2222 clavi
1088 2186 1257 2223 reserens.
1286 2186 1403 2222 Volae
1427 2196 1601 2222 manuum
1628 2188 1774 2231 nigrae,
