2054 2748
785 180 1174 212 MAMMALIA.
1727 179 1781 223 53

254 271 394 307 Nidum
410 270 516 315 fecit,
540 275 578 305 in
598 270 698 316 cujus
719 265 860 315 angulis
878 270 1057 300 immissos
1076 263 1176 300 cibos
1195 259 1449 306 abscondidit,
1468 264 1506 293 in
1530 270 1692 296 extremo
1713 275 1779 297 an—

181 329 268 377 gulo
292 329 408 363 faeces
431 328 609 376 deposuit.

255 385 464 433 Aliquoties
485 383 576 418 adeo
602 381 785 431 profundo
812 390 942 415 somno
969 377 1215 413 dormientem
1242 374 1401 412 interdiu
1426 379 1543 422 reperi
1569 379 1606 407 in
1630 374 1782 420 globum

183 451 430 484 contractam,
451 450 491 474 ut
510 450 605 474 tacta
625 451 701 473 non
720 435 989 484 expergefieret,

256 497 432 532 Canicula
455 509 567 544 quum
587 492 714 529 cistula
737 498 955 540 aperiretur,
978 502 1122 538 semper
1148 496 1288 525 curiose
1310 488 1514 534 advolavit,
1539 497 1575 521 et
1599 486 1702 521 illam
1729 487 1783 521 ol-

182 552 277 587 fecit.
294 555 478 587 Marmota
490 563 566 585 non
582 555 720 594 timuit,
735 561 855 596 neque
871 546 1061 582 abhorruit
1075 575 1082 591 ,
1096 557 1158 581 aut
1173 546 1360 581 caniculae
1375 544 1542 579 infestam
1555 557 1592 579 se
1608 542 1782 591 praebuit.

255 609 437 643 Arrodere
457 612 578 654 coepit
605 604 822 654 operculum
847 609 1030 650 cistae,in
1053 603 1174 638 media
1188 602 1350 651 planitie.
1377 601 1532 636 Felicius
1553 613 1630 635 rem
1648 603 1785 635 lactura

181 671 211 700 si
226 665 446 699 foraminum
466 667 709 713 respirationis
729 674 835 696 causa
858 661 1039 696 factorum
1060 666 1241 707 margines
1260 665 1453 694 arrosisset.

254 721 424 754 Domum
442 719 554 754 allata
572 724 688 767 prima
715 728 826 753 nocte
854 723 960 766 posui
982 724 1018 752 in
1041 717 1223 752 auditorio
1237 744 1245 760 ,
1269 716 1331 750 ubi
1350 726 1445 750 rotro
1469 720 1725 762 repositorium
1744 713 1788 748 li-

181 775 332 811 brorum
354 776 564 820 adscendit,
586 788 740 811 ovorum
761 785 868 810 testas
890 775 939 809 ibi
962 780 1097 822 positas
1121 783 1183 808 aut
1202 773 1308 821 fregit
1326 782 1389 809 aut
1409 771 1576 807 rodendo
1602 772 1788 806 destruxit.

181 832 309 867 Doleo
328 845 386 867 me
406 832 491 867 dein
515 845 592 867 non
615 842 807 880 expertum
831 844 906 866 esse
926 844 973 865 an
994 844 1060 866 ova
1079 839 1275 878 appeteret.

255 890 353 923 Tum
368 888 498 923 inclusi
513 895 551 923 in
570 888 706 935 angulo
725 894 835 922 muris
854 887 978 923 clauso
999 898 1034 923 et
1053 887 1208 922 obscuro
1222 916 1230 931 ,
1246 892 1283 922 in
1302 891 1527 934 procamino.
1548 885 1698 919 Murum
1713 899 1790 920 sca-

182 944 306 979 bendo
332 944 490 979 multum
519 944 711 992 perfodere
740 950 905 979 tentavit.
944 946 1094 980 Murum
1120 949 1230 980 etiam
1249 943 1459 990 ubicunque
1486 946 1606 990 potuit
1627 944 1790 978 ascendit

183 1001 231 1035 ad
250 1001 353 1048 pedis
372 1011 434 1035 aut
453 1001 611 1035 duorum
631 1000 874 1035 altitudinem.

256 1060 297 1092 In
312 1058 422 1092 foeno
439 1063 477 1092 in
492 1057 628 1105 angulo
649 1066 760 1092 strato
782 1056 955 1092 decubuit
971 1085 980 1102 ,
999 1057 1062 1092 sed
1081 1063 1119 1092 in
1138 1057 1267 1092 nidum
1286 1068 1443 1104 superne
1464 1065 1602 1091 tectum
1622 1067 1700 1090 non
1718 1055 1790 1090 dis-

183 1121 322 1162 posuit,
342 1114 445 1162 quod
467 1113 629 1148 futurum
644 1124 932 1162 expectaverant.

257 1172 393 1218 Aperta
418 1180 523 1218 porta
547 1182 592 1204 ex
618 1170 754 1218 angulo
777 1183 842 1205 suo
866 1176 974 1215 exiit,
997 1180 1033 1206 ct
1052 1183 1171 1207 versus
1193 1176 1374 1206 anteriora
1399 1180 1434 1205 et
1460 1170 1649 1204 hominem
1671 1181 1791 1204 versus

186 1233 364 1271 cucurrit,
387 1226 549 1260 clamore
581 1237 690 1260 acuto
715 1226 836 1270 edito⁷
871 1233 973 1274 quasi
1003 1227 1163 1273 effugere
1187 1227 1318 1269 vellet,
1353 1227 1418 1260 sed
1444 1238 1539 1259 asser
1573 1236 1791 1259 transversus

186 1289 249 1330 qui
271 1283 395 1317 locum
421 1282 616 1316 claudebat
646 1289 756 1316 etiam
782 1292 905 1328 aperta
933 1291 1039 1328 porta
1071 1282 1271 1328 impedivit.
1306 1284 1402 1315 Eum
1429 1292 1585 1314 asserem
1615 1280 1793 1314 transilire,

186 1352 377 1386 nunquam
399 1344 571 1381 tentavit,
591 1338 655 1372 sed
676 1344 712 1371 in
728 1350 802 1371 uno
823 1337 907 1371 loco
925 1337 1031 1371 valde
1051 1343 1189 1370 arrosit.

257 1396 321 1427 Me
339 1401 528 1439 spectante
544 1401 735 1436 nunquam
754 1389 878 1422 cibum
894 1393 1000 1434 cepit.
1028 1387 1174 1421 Dubito
1191 1393 1301 1421 etiam
1312 1387 1456 1431 bibisse,
1473 1387 1559 1422 licet
1574 1401 1707 1436 aquam
1728 1402 1791 1425 ex-

185 1449 375 1484 hibuerim.
402 1449 529 1482 Potius
548 1455 706 1480 stercore
725 1450 955 1492 inquinatam
970 1455 1105 1491 aquam
1120 1443 1314 1490 aliquoties
1330 1449 1455 1491 reperi.
1478 1444 1650 1480 Manibus
1670 1446 1793 1482 cibum

186 1506 381 1540 admovere
401 1506 583 1538 Linnaeus
603 1502 701 1536 dicit.
731 1500 938 1535 Succenseo
960 1500 1049 1534 mihi
1066 1500 1168 1548 quod
1185 1500 1287 1535 cibos
1306 1513 1398 1549 quos
1421 1507 1556 1537 amavit
1569 1512 1632 1537 aut
1645 1511 1791 1552 respuit,

187 1563 334 1597 chartae
353 1561 527 1595 mandare
547 1559 782 1606 neglexerim.

258 1618 417 1652 Duobus
435 1627 519 1652 ante
539 1626 697 1650 mortem
717 1615 844 1650 diebus
867 1614 1078 1662 languidam
1093 1624 1129 1649 et
1148 1621 1365 1650 emaciatam
1386 1621 1524 1663 reperi,
1543 1625 1579 1652 et
1598 1626 1723 1653 tamen
1738 1630 1794 1653 ar-

185 1675 273 1711 tifex
296 1680 359 1723 qui
380 1674 478 1709 farsit
495 1673 758 1722 pinguedinem
782 1672 938 1706 multam
959 1677 1107 1705 miratus
1130 1681 1192 1706 est.

260 1730 431 1765 Scatebat
451 1741 533 1778 post
554 1741 713 1764 mortem
732 1735 863 1772 acaris,
884 1741 975 1776 quos
999 1733 1207 1762 examinare
1230 1729 1434 1777 neglexisse
1454 1742 1513 1764 me
1532 1729 1654 1765 doleo.

258 1787 358 1822 Pilos
376 1800 441 1834 pro
464 1787 534 1820 hoc
553 1792 641 1821 anni
661 1796 828 1833 tempore
842 1791 926 1818 satis
944 1784 1064 1819 adhuc
1084 1785 1215 1819 densos
1234 1797 1269 1820 et
1285 1786 1475 1821 haerentes
1492 1787 1629 1823 habuit.
1645 1789 1793 1824 Macula

186 1849 225 1878 in
241 1843 356 1877 oculis
377 1853 577 1880 transversa
595 1842 734 1887 lactea,
759 1841 944 1876 simillima
971 1846 1009 1875 in
1032 1851 1188 1890 utroque
1208 1843 1343 1889 oculo,
1370 1854 1412 1878 ut
1437 1854 1618 1881 cataracta
1643 1858 1721 1880 non
1744 1852 1793 1883 vi-

187 1901 315 1936 deatur
334 1912 421 1935 esse.

665 1973 828 2016 MUS
888 1973 1317 2018 CRICETUSL

261 2071 538 2109 SEmADULTus
560 2072 594 2108 d.
613 2083 666 2121 29.
685 2071 820 2120 Aprilis
845 2073 943 2119 1798.
966 2071 1122 2118 <Λο.()“.)
1146 2072 1289 2107 allatus.

259 2128 351 2164 Satis
370 2136 487 2175 mitis,
512 2142 631 2178 neque
652 2129 828 2172 mordax,
858 2129 942 2163 licet
967 2141 987 2162 a
1014 2141 1128 2175 puero
1148 2128 1307 2163 multum
1328 2138 1477 2164 vexatus
1499 2138 1535 2164 et
1557 2125 1651 2176 pede
1669 2137 1791 2175 poste-

188 2189 282 2219 riore
300 2192 424 2221 vineto
443 2187 583 2223 dolens.
611 2188 672 2222 An
693 2187 778 2222 ideo
798 2196 926 2235 postea
942 2190 1184 2232 mansuetior,
1209 2186 1312 2235 quod
1331 2188 1485 2223 vinculis
1505 2197 1572 2232 ego
1597 2194 1632 2220 et
1655 2183 1793 2219 dolori-

190 2241 257 2276 bus
276 2241 511 2280 liberassem?
