2054 2748
279 131 363 183 294
632 128 1123 164 OBSERVATIONES
1156 129 1534 159 ZOOLOGICAE.

352 222 466 255 Omni
482 219 566 254 data
583 231 693 267 opera
710 218 875 253 foramen
891 213 1094 262 temporale
1109 223 1171 249 aut
1185 211 1402 248 suboculare
1415 212 1563 248 nullum
1577 218 1790 260 conspicere
1803 225 1887 261 pos-

279 290 370 313 sum.
398 276 435 311 Si
455 288 604 325 quoque
625 274 799 317 adsuerit,
818 284 896 306 non
914 280 1037 320 potest
1058 283 1134 305 esse
1154 269 1350 315 mustelas,
1370 276 1429 305 cui
1448 269 1565 305 forma
1585 275 1712 318 capitis
1727 270 1886 318 produc-

280 341 352 370 tior
365 363 374 380 ,
396 344 430 370 et
451 344 528 370 tota
547 337 710 380 corporis
732 335 823 364 ratio
844 328 1012 376 longior,
1042 333 1134 363 cutis
1152 327 1278 373 laevis,
1305 332 1387 362 cirri
1410 327 1529 373 nulli,
1555 326 1682 362 nullae
1701 326 1889 371 maculae,

281 402 317 427 et
336 397 450 440 pinna
475 390 626 426 dorsalis
650 393 748 435 prior
770 399 861 421 mox
884 395 968 434 post
989 385 1193 434 pectorales
1210 391 1363 434 incipit,
1387 394 1423 420 et
1443 384 1516 420 fere
1538 384 1662 419 medio
1689 384 1775 420 loco
1795 390 1892 419 inter

281 447 486 497 pectorales
511 444 763 492 venti-alesque
788 448 957 493 ponitur,
981 455 1095 491 quum
1116 448 1154 477 in
1173 455 1257 477 meo
1285 455 1392 490 supra
1416 441 1598 478 ventrales
1623 451 1792 490 ponatur.

355 502 566 552 Longitudo
587 499 736 549 pedalis.
763 501 885 535 Patria
903 505 1042 547 ignota.
1068 501 1216 535 Nomen
1232 513 1252 535 a
1274 499 1375 535 brevi
1394 508 1584 535 contracta
1599 504 1761 547 corporis
1775 498 1893 533 forma

284 561 390 606 dedi,
411 571 638 608 corporeque
654 563 843 594 torosiore.
865 557 1012 593 Caudae
1032 557 1229 604 longitudo
1246 563 1342 593 inter
1359 562 1503 593 tertiam
1517 567 1553 592 et
1569 566 1736 605 quartam
1751 565 1894 603 partem

283 624 454 667 corporis.

570 711 949 769 SQUALUS
1000 710 1413 753 LATICEPS.
1458 709 1622 753 Nobis.

361 807 499 855 Capite
520 805 736 841 laciuscnlo
750 834 761 848 ,
781 807 912 852 pinna
934 804 1086 840 dor-salt
1103 807 1293 841 cmc-eriora·
1308 813 1401 853 post
1415 804 1627 839 venat-ales.

358 866 498 912 Utique
518 862 735 898 mutandam
756 861 862 898 video
879 861 1144 897 definitionem.
1172 861 1245 897 Sed
1264 874 1342 897 non
1362 861 1454 896 alius
1471 860 1622 906 fecerit,
1642 864 1710 895 nisi
1733 864 1797 908 qui
1816 871 1902 895 cum

288 926 413 956 ceteris
433 931 647 968 comparare
666 929 798 967 potest.
824 919 885 953 Ad
908 924 1065 967 primam
1092 921 1329 954 Broussoneti
1350 917 1527 953 familiam
1550 922 1718 966 pertinet.

360 978 450 1011 Non
466 986 519 1010 est
535 975 655 1010 tiburo
677 975 780 1022 Spec.
801 990 811 1008 1
822 988 851 1009 2.
872 976 961 1009 Post
976 975 1123 1020 galeum
1145 985 1304 1022 ponatur
1317 1003 1326 1019 ‚
1344 987 1427 1009 cum
1443 975 1545 1019 cujus
1561 973 1733 1008 dentibus
1749 985 1902 1021 compa-

289 1045 368 1068 rare
388 1044 465 1066 non
487 1044 634 1078 possum
649 1058 657 1074 ,
681 1036 766 1076 quia
791 1040 876 1064 sunt
904 1035 1056 1064 minimi.
1084 1030 1222 1064 Galeus
1241 1042 1320 1063 non
1344 1039 1417 1073 est,
1442 1034 1527 1075 quia
1547 1027 1796 1074 Willughbaei
1819 1034 1905 1063 icon

291 1097 400 1136 caput
414 1096 610 1133 angustum
630 1083 761 1127 habet,
782 1092 818 1116 et
832 1088 969 1129 pinnae
991 1082 1144 1116 dorsalis
1160 1083 1342 1117 diversum
1356 1088 1527 1130 positum.
1555 1085 1657 1117 Cutis
1672 1095 1750 1116 non
1767 1096 1903 1131 aspera.

363 1142 565 1190 Exemplar
585 1151 710 1174 meum
736 1137 984 1173 masculinum
1013 1139 1054 1186 (a
1078 1138 1284 1173 Treuttelio
1312 1138 1527 1186 acceptum)
1552 1138 1733 1185 singulare
1762 1140 1906 1176 duobus

293 1200 508 1249 corporibus
531 1195 798 1246 pedisormibus
821 1195 869 1230 ad
889 1207 1002 1229 anum
1017 1223 1026 1240 ,
1053 1195 1255 1240 tridaotylis
1268 1223 1277 1239 ,
1305 1194 1476 1243 palmatis
1489 1223 1498 1240 ,
1531 1195 1646 1243 (quae
1666 1202 1820 1231 omnino
1840 1197 1905 1232 de-

292 1255 517 1302 scribenda).
546 1254 606 1289 Ob
627 1265 736 1301 quam
756 1262 900 1301 partem
918 1251 965 1286 ab
988 1251 1052 1286 illa
1074 1263 1096 1286 a
1115 1251 1270 1287 Blochio
1292 1252 1532 1300 descriptam,
1553 1262 1590 1287 et
1609 1251 1713 1287 illam
1735 1265 1845 1301 quam
1868 1259 1907 1289 in

293 1327 377 1351 mea
395 1324 556 1361 zygaena
575 1310 730 1346 observo
746 1338 754 1355 ,
769 1309 881 1358 plane
903 1308 1082 1345 diversam
1094 1337 1104 1355 ,
1123 1309 1217 1347 forte
1237 1315 1358 1358 potius
1370 1309 1570 1357 palmipes
1591 1309 1769 1345 dicendus
1788 1309 1906 1347 fuerit.

659 1424 1178 1470 ACCIPENSER
1224 1423 1548 1467 STURIO.

346 1527 667 1562 OBSERVA'HONES
683 1519 864 1568 quaedam
879 1524 917 1552 in
934 1522 1152 1566 acipenseris
1170 1520 1341 1552 sturionis
1360 1521 1499 1564 capite,
1517 1514 1784 1565 nonnullisque
1799 1522 1911 1555 visce-

299 1583 418 1627 ribus,
438 1581 472 1616 d.
498 1591 546 1626 19.
567 1581 651 1613 Jun.
677 1578 775 1623 1780.
800 1575 925 1610 factae.

372 1642 416 1675 In
436 1647 520 1673 cute
545 1639 672 1683 capitis
697 1632 837 1667 inferne
862 1631 1010 1666 areolae
1035 1628 1251 1677 angulatae,
1277 1628 1459 1673 radiatae,
1486 1627 1559 1662 fere
1580 1634 1675 1663 utin
1696 1636 1912 1667 ostracioni-

300 1698 389 1741 bus,
405 1694 565 1741 illaeque
585 1689 737 1739 granula
751 1695 815 1724 ista
831 1701 932 1724 ossea
952 1693 1176 1723 constituere
1196 1685 1385 1730 videntur,
1406 1697 1500 1733 quae
1520 1685 1608 1720 dum
1623 1685 1912 1735 manducantur,

301 1753 419 1790 multa
439 1758 631 1797 compacta
652 1746 811 1794 gelatina
830 1745 996 1781 involuta
1016 1750 1111 1778 inter
1128 1743 1256 1778 dentes
1273 1742 1437 1777 strident.

376 1810 523 1844 Meatus
543 1805 743 1840 auditorius
767 1813 938 1837 externus
963 1802 1166 1836 distinctus.
1194 1801 1310 1835 Nares
1330 1811 1535 1844 concavae,
1554 1798 1768 1834 membrana
1792 1812 1916 1848 super-

305 1879 406 1904 tensa
421 1893 429 1910 ,
444 1876 537 1912 quae
553 1862 645 1896 duos
659 1860 778 1895 aditus
790 1888 798 1903 ,
817 1859 972 1894 alterum
992 1858 1192 1903 majorem,
1208 1856 1364 1891 alterum
1378 1861 1558 1890 minorem
1572 1855 1756 1903 relinquit.
1783 1857 1913 1892 Fundo

306 1928 451 1959 narium
471 1928 681 1967 supertensa
694 1915 910 1951 membrana
928 1913 1089 1958 radiata,
1109 1912 1270 1960 eleganti
1293 1912 1419 1947 modo.

380 1980 553 2013 Rostrum
581 1980 752 2010 conicum
773 1979 810 2007 in
830 1972 931 2021 quod
951 1979 1061 2018 caput
1079 1969 1312 2017 producitur,
1341 1979 1461 2004 totum
1481 1968 1727 2016 gelatinosum
1746 1974 1917 2006 coctione

308 2034 524 2077 resolvitur,
546 2041 582 2066 et
600 2031 646 2065 ab
667 2030 805 2065 ossibus
824 2037 1018 2077 separatur.

383 2092 465 2125 Oris
484 2094 575 2123 mira
591 2086 724 2121 fabrica
740 2114 747 2130 ,
763 2086 865 2134 quod
888 2091 926 2120 i11
947 2083 1102 2130 cylindri
1120 2086 1279 2131 speciem
1300 2082 1466 2130 protrudi
1485 2091 1520 2117 et
1539 2080 1673 2116 retrahi
1689 2090 1822 2129 potest.
1841 2085 1918 2118 Cir-

314 2147 478 2184 cumdari
506 2151 542 2179 ln
568 2153 675 2179 cocto
699 2143 857 2177 maxillis
882 2147 1015 2190 partim
1038 2144 1239 2175 semiosseis
1262 2145 1394 2189 partim
1420 2139 1661 2186 cartilagineis
1683 2138 1846 2185 videtur,
1873 2152 1918 2176 ex

313 2206 456 2253 aliquot
476 2201 613 2240 ossibus
636 2205 869 2248 compositis,
888 2205 926 2234 in
946 2198 1070 2234 medio
1095 2197 1233 2233 lamina
1255 2208 1416 2234 concava
1436 2195 1670 2243 cartilaginea
1690 2208 1736 2231 ex
1753 2195 1919 2244 pluribus
