2054 2748
767 189 803 216 M
826 189 854 216 Λ
875 190 910 215 M
933 188 968 215 M
991 189 1019 216 A
1040 189 1065 215 L
1082 188 1096 214 1
1116 188 1156 216 A.
1256 196 1259 199 -
1709 178 1763 234 45

164 275 432 319 immobilibus,
454 274 635 323 unguibus
657 272 807 308 sortibus
835 276 941 305 rectis
971 276 1162 306 instructis.
1190 269 1274 303 Vim
1302 279 1473 305 exercent
1496 277 1698 320 insignem,
1725 276 1764 310 id

165 333 266 381 quod
284 346 303 367 a
319 342 497 368 structura
516 331 689 379 singulari
711 335 797 364 ossis
817 327 1008 364 brachiali&
1022 355 1030 371 ,
1051 327 1148 375 quod
1176 340 1250 361 non
1276 326 1428 374 longum
1445 355 1452 371 ,
1473 328 1536 362 sed
1559 329 1680 376 breve,
1710 332 1762 367 la-

164 399 258 434 tum,
278 389 460 431 lunatum,
486 402 570 423 cum
593 388 716 423 multis
736 384 981 434 apophysibus
998 411 1005 428 ,
1025 393 1061 418 et
1085 396 1105 418 a
1131 383 1256 419 cubitu
1283 383 1456 431 elongato
1476 392 1666 432 provenit,
1689 401 1761 436 quo

163 451 213 480 vis
233 446 445 481 muscularis
464 446 635 493 singulari
652 444 766 477 modo
787 452 945 489 augetur.

236 503 352 537 Pedes
371 509 588 551 posteriores
607 499 703 534 nihil
722 497 945 548 particularis
965 506 1186 541 structurae,
1207 498 1269 532 sed
1288 510 1350 532 sex
1366 497 1498 545 digitos
1519 498 1666 534 habent.

236 560 353 593 Nasus
375 559 613 593 subtilissimis
642 561 797 591 verrucis
821 554 970 590 obsitus.
997 553 1152 589 Labium
1171 561 1270 602 quasi
1290 561 1492 601 internum,
1511 555 1765 592 membranula

162 622 280 650 tenuis
301 622 394 651 intra
416 614 511 649 labia
531 619 709 648 exteriora
732 625 751 648 e
774 618 923 660 gingivis
942 611 1112 660 pendula.

235 673 415 705 verrucae
431 672 585 717 majores
604 682 758 718 rugaeve
779 676 951 718 copiosae
974 668 1041 703 sub
1064 668 1205 716 palmis.

233 727 387 762 Plantae
407 734 534 776 utique
550 727 833 773 hexadactylae,
857 727 971 774 digito
995 732 1124 760 intimo
1146 735 1310 769 remoto,
1336 732 1485 761 murteo.

233 784 295 818 De
315 790 412 819 victu
432 784 551 833 talpae
572 795 607 820 et
628 791 699 820 vita
720 786 795 830 ejus
816 795 916 819 extra
937 793 1069 818 terram
1089 794 1230 830 semper
1249 782 1378 817 dubius
1397 783 1504 817 haesi.

233 841 354 888 Negat
367 869 375 885 ,
394 847 446 876 uti
463 842 551 876 mihi
567 842 706 876 dudum
725 847 859 886 visum,
874 839 1089 875 hortulanus
1105 838 1480 888 StephansfeldensiS,
1501 838 1606 874 aliter
1620 853 1765 887 nocere,

161 903 229 931 nisi
254 898 355 945 quod
372 897 549 933 fodiendo
567 898 711 946 plantas
730 898 922 933 subvertat.

234 955 318 988 Tria
333 960 531 1002 specimina
552 961 751 989 successive
772 961 809 988 in
832 954 970 989 scatula
989 954 1099 998 aluit,
1119 959 1157 988 in
1178 966 1250 1001 qua
1266 963 1397 988 terram
1417 958 1544 1000 sparsit
1561 953 1608 988 ad
1625 953 1766 990 dimidii

160 1009 305 1057 pollicis
324 1010 566 1045 altitudinem.
594 1011 808 1045 Lumbricos
836 1011 940 1045 avide
959 1021 1186 1045 voraverunt.
1214 1011 1303 1043 Fine
1327 1010 1477 1045 secundi
1505 1010 1575 1044 diei
1601 1021 1766 1046 mortuae

159 1077 342 1114 repertae,
365 1076 405 1101 ut
430 1074 636 1115 apparuerit
655 1080 765 1116 quam
790 1067 894 1103 avide
919 1077 1053 1102 terram
1078 1071 1315 1114 expetierint,
1344 1079 1432 1101 nam
1449 1077 1567 1102 rostro
1588 1079 1767 1116 quantum

159 1133 311 1171 potuere
331 1133 446 1160 terrae
466 1124 579 1158 infixo
596 1135 763 1159 mortuae
788 1135 949 1172 repertae
973 1133 1066 1158 sunt.

231 1181 275 1215 A.
302 1181 398 1227 1795.
422 1181 454 1214 d.
471 1192 524 1226 29.
542 1182 696 1228 Augusti
718 1182 781 1228 (A.
799 1181 848 1228 ὃ.)
873 1180 1033 1215 adfertur
1052 1180 1150 1228 talpa
1172 1179 1409 1225 semiadulta,
1430 1192 1522 1228 quae
1544 1187 1581 1215 in
1597 1182 1765 1230 decipula

159 1249 224 1284 per
248 1247 363 1272 totam
387 1247 537 1271 noctem
560 1238 826 1285 dimidiumque
851 1238 949 1271 diem
964 1243 1042 1271 viva
1063 1237 1186 1270 haesit.
1214 1238 1391 1279 Exemta,
1416 1237 1568 1282 pedibus
1587 1244 1765 1283 posterio-

159 1292 256 1326 ribus
280 1298 421 1335 innixa,
453 1303 488 1326 et
514 1293 755 1326 anterioribus
782 1293 828 1326 ad
855 1303 1011 1326 rostrum
1036 1291 1225 1338 applicatis
1253 1290 1452 1324 lumbricos
1482 1297 1637 1335 voravit,
1672 1305 1765 1339 quos

159 1358 265 1382 antea
288 1347 456 1382 dentibus
471 1348 710 1381 consciderat.
740 1349 898 1380 Fodiens
918 1348 1029 1390 pedes
1048 1359 1125 1378 non
1141 1346 1356 1378 divaricatos
1375 1352 1589 1392 exporrigit,
1605 1353 1656 1381 uti
1671 1349 1766 1394 gryl-

158 1403 319 1450 lotalpa,
343 1401 407 1435 secl
426 1411 632 1435 antrorsum
653 1409 843 1448 protensos
868 1408 983 1433 rostro
1006 1397 1211 1446 parallelos.

160 1495 166 1498 ,
230 1461 340 1494 Posui
363 1464 399 1491 in
419 1457 551 1492 eodem
575 1456 700 1504 amplo
723 1462 814 1491 vitro
832 1465 925 1490 terra
942 1454 1103 1502 repletO,
1121 1467 1194 1488 una
1213 1467 1297 1488 cum
1315 1467 1401 1490 rana
1418 1457 1663 1493 scorodosma
1691 1461 1765 1495 Ne—

160 1528 230 1564 que
250 1514 427 1549 bufonem
446 1523 617 1562 appetere
639 1512 718 1547 ullo
741 1511 877 1556 modo,
908 1523 1028 1558 neque
1046 1510 1133 1545 bufo
1158 1511 1225 1545 sibi
1246 1517 1373 1546 timere
1393 1513 1482 1547 mihi
1508 1520 1600 1549 visus
1627 1525 1690 1551 est.

231 1574 288 1605 Bis
306 1582 401 1605 terve
415 1576 552 1605 mutavi
566 1583 625 1605 vas
642 1580 865 1616 terramque,
881 1567 982 1616 quod
997 1567 1134 1601 animal
1149 1567 1247 1602 baud
1263 1567 1353 1602 ferre
1367 1568 1517 1603 videtur.
1539 1571 1634 1605 Nam
1651 1585 1765 1620 quum

159 1635 290 1663 iterum
314 1637 534 1671 mutassem,
564 1626 663 1661 haud
692 1625 848 1673 amplius
873 1637 910 1659 se
937 1623 1003 1658 sub
1038 1633 1171 1658 terram
1193 1624 1394 1670 subduxit,
1427 1626 1490 1660 sed
1520 1626 1698 1675 languens
1728 1636 1764 1664 in

159 1697 298 1721 summa
314 1684 503 1732 superficie
522 1684 646 1718 haesit.
674 1685 822 1725 Exenn3
843 1683 950 1718 dorso
972 1687 1129 1730 imposui
1147 1694 1254 1729 super
1274 1695 1402 1717 manus
1417 1683 1510 1718 vola.
1538 1685 1692 1733 Aperuit
1712 1700 1763 1733 os,

160 1747 261 1790 quasi
282 1747 460 1785 oscitans,
484 1740 614 1787 Frigere
633 1741 706 1786 jam
727 1745 871 1786 coepit,
892 1750 927 1774 et
951 1738 1062 1786 paulo
1083 1748 1166 1785 post
1182 1766 1190 1782 ,
1207 1739 1340 1774 eodem
1360 1739 1417 1774 die
1437 1753 1510 1788 quo
1530 1741 1620 1777 hora
1636 1753 1763 1779 octava

159 1811 206 1834 ex
227 1797 396 1845 decipula
421 1808 642 1840 exemeram,
666 1796 857 1830 undecima
881 1795 971 1829 hora
991 1800 1153 1829 animam
1169 1794 1312 1832 efflavit.

231 1855 346 1902 Supra
366 1866 493 1888 nasum
513 1853 598 1888 levis
622 1853 753 1888 lacuna
777 1864 875 1900 pone
895 1851 1105 1899 cuspidata,
1132 1864 1216 1886 curn
1235 1857 1446 1888 tenuissimo
1467 1853 1570 1889 sulco
1589 1855 1635 1890 ad
1652 1856 1762 1901 basin,

159 1924 264 1960 supra
284 1910 422 1945 labium
435 1939 443 1954 ,
464 1920 677 1945 transversa

232 1970 411 2013 Mystaces
441 1966 656 2012 brevissimi,
686 1966 841 2001 duarum
869 1965 1049 2000 linearum
1079 1965 1310 2013 longitudine
1332 1993 1341 2011 ,
1369 1976 1576 2002 antrorsum
1604 1975 1760 2011 curvati;

159 2025 291 2059 similes
311 2024 375 2072 pili
395 2030 504 2058 etiam
525 2029 561 2057 in
581 2023 733 2059 maxilIa
758 2022 933 2057 inferiore.

230 2081 379 2115 Animal
398 2081 698 2124 mundissimum,
722 2087 759 2114 in
781 2093 854 2128 quo
878 2091 1068 2127 nunquam
1083 2079 1201 2114 ulium
1214 2079 1271 2114 vel
1287 2080 1499 2128 pediculum
1518 2081 1575 2117 vel
1589 2081 1760 2128 pulicem,

159 2137 217 2171 vel
234 2137 350 2171 simile
371 2143 569 2180 insectum,
597 2136 705 2184 quale
728 2142 766 2170 in
784 2135 1123 2183 vespertilionibus,
1146 2143 1351 2185 repererim.

232 2193 389 2240 Talpam
408 2200 616 2229 immaniter
634 2193 870 2241 multiplicari
894 2205 938 2226 ex
956 2204 1000 2225 eo
1021 2194 1177 2238 conjicio
1191 2222 1199 2237 ,
1222 2194 1322 2242 quod
1338 2200 1375 2228 in
1398 2203 1501 2242 prato
1521 2192 1672 2226 humido
1689 2192 1757 2227 hu—

159 2249 311 2298 milique
334 2251 403 2285 Ao.
421 2252 450 2286 5.
477 2251 530 2298 (d.
552 2262 601 2298 ¹9·
625 2250 810 2286 Februarii
839 2249 957 2295 1797.)
983 2258 1159 2285 centenos
1176 2249 1361 2287 observavi
1380 2259 1520 2297 cgestos
1546 2248 1757 2294 ‹·‹>lliculos⁷
