2054 2748
248 167 303 212 58
607 174 1080 208 OBSERVATIONES
1125 176 1493 206 zooLoctcAE.

246 266 292 301 ad
312 270 456 313 apicem
480 269 557 299 nasi
583 273 653 299 tres
675 264 804 299 lineae.
834 261 892 296 Ab
918 274 994 296 uno
1022 261 1158 310 angulo
1180 267 1252 296 oris
1274 261 1321 296 ad
1344 261 1500 297 alterurn
1519 261 1613 297 duae
1636 261 1766 298 lineae.
1794 263 1856 298 Ab

247 329 477 357 extremitate
505 327 703 356 incisurum
722 325 949 368 superiorum
979 319 1026 354 ad
1046 325 1317 354 extremitatem
1336 325 1414 353 nasi
1442 319 1535 354 duae
1557 319 1678 354 lineae
1696 333 1780 354 cum
1802 321 1856 355 di-

246 380 369 415 midia.
398 379 540 414 Pedum
572 384 797 413 anteriorum
822 386 1056 411 extensorum
1086 377 1254 412 distantia
1279 381 1383 411 unius
1411 382 1648 411 extremitatis
1674 377 1721 412 ab
1742 377 1856 412 altera

247 437 406 472 duorum
418 435 608 485 pollicum,
619 440 724 468 unius
737 433 868 468 lineae.
880 435 1140 468 Posteriorium
1152 435 1309 469 duorum
1318 432 1510 481 pollicum,
1519 446 1653 470 novem
1665 433 1857 469 linearum.

323 494 442 528 Color
456 493 645 527 ssavicante
665 502 819 537 gryseus.
847 491 1061 525 Abdomen
1083 490 1219 526 album.

319 550 502 585 Maxilla
525 550 701 592 superior
717 547 957 595 subelongata
978 575 987 592 ,
1014 547 1153 582 labium
1172 553 1334 596 superius
1356 546 1488 582 fissum.

320 609 469 641 Dentes
490 604 629 653 pallide
648 603 864 640 ssavicantes.
893 606 1128 652 Asyscaczmz
1147 605 1295 640 ordines
1322 614 1462 653 septem
1485 609 1606 639 erecti.
1632 604 1855 640 Auriculcze

247 670 448 699 eminentes
467 690 475 707 ,
505 660 728 696 orbiculares
743 690 752 707 ,
778 667 939 697 vestitae.

320 722 452 767 Digiti
482 718 687 766 palmarum
716 729 874 768 quatuor
896 731 982 754 cum
1006 719 1198 755 tuberculo
1228 718 1422 767 pollicari,
1448 717 1659 766 plantarum
1683 723 1856 766 quinque.

254 778 417 824 Ungues
438 776 646 812 brevissimi.

322 834 462 868 Gauda
492 839 627 868 sensitn
658 844 845 870 attenuata
866 862 874 880 ,
918 833 1114 879 unicolor,
1153 831 1610 881 squamoso-verticillata,
1649 831 1857 879 subpilosa,

245 890 370 926 subtus
390 890 502 939 paulo
527 897 661 938 magis,
687 891 861 927 lateribus
881 891 1080 939 subtusque
1100 889 1403 937 subcompressa,
1430 888 1556 924 subtus
1576 887 1679 922 sulco
1701 888 1856 922 obscuro

247 957 403 982 exarata.

318 1004 421 1038 Idem
442 1014 569 1052 postea
588 1010 716 1039 missus
740 1005 808 1038 Ao.
834 1005 864 1039 Ξ.
897 1004 1010 1051 (1795
1030 1004 1063 1038 d.
1085 1003 1130 1039 26
1157 1002 1402 1051 Septembris)
1431 1001 1723 1037 Schtllersdorfio
1744 1013 1860 1049 prope

243 1061 477 1096 Buxovillam
512 1074 532 1096 a
566 1061 798 1096 Schroedero
839 1071 1006 1108 pastore,
1032 1059 1162 1094 sedulo
1193 1070 1343 1094 naturae
1370 1059 1601 1106 indagatore,
1629 1068 1666 1093 et
1694 1070 1858 1092 oecono-

245 1123 341 1152 miae
364 1118 527 1153 studioso
558 1124 698 1166 sagaci,
725 1124 788 1166 qui
811 1123 952 1165 scripsit
982 1130 1066 1151 eum
1096 1122 1134 1152 in
1163 1122 1254 1152 vitro
1275 1129 1312 1151 se
1338 1122 1517 1164 posuisse,
1543 1115 1606 1150 ubi
1625 1124 1741 1149 noctu
1763 1120 1858 1148 inse-

246 1185 385 1222 quente
408 1181 572 1224 quinque
590 1175 732 1210 catulos
752 1180 894 1223 peperit
911 1202 919 1218 ,
939 1185 1096 1222 quorum
1118 1186 1234 1208 unum
1256 1179 1413 1209 voravit:
1441 1178 1552 1208 ceteri
1571 1177 1707 1206 mortui
1728 1176 1862 1219 reperti

245 1242 353 1267 sunt:
389 1243 507 1266 mater
536 1245 686 1279 quoque
714 1232 826 1278 paulo
856 1241 940 1278 post
965 1240 1132 1275 mortua,
1161 1236 1238 1265 sine
1276 1230 1389 1264 dubio
1416 1229 1518 1277 quod
1542 1242 1627 1263 cum
1652 1238 1861 1276 caperetur,

246 1287 369 1321 durius
389 1287 501 1334 paulo
527 1297 679 1321 tractata
699 1296 787 1321 erat.

318 1346 361 1378 In
392 1343 594 1377 Sclzreben·
618 1356 729 1390 opere
750 1343 951 1389 descriptus
974 1351 1010 1376 et
1029 1346 1166 1389 pictus,
1194 1355 1229 1388 p.
1266 1341 1347 1377 (561.
1378 1341 1468 1376 Tab.
1491 1342 1723 1376 CLXXXIII.
1749 1343 1787 1376 B.

320 1400 383 1433 An
419 1398 512 1432 forte
550 1411 638 1432 mus
662 1400 829 1443 agrestis
857 1397 1018 1429 minor?
1056 1398 1236 1430 Pennant.
1264 1395 1380 1429 Zool.
1409 1397 1503 1430 Brit.
1531 1397 1640 1440 Spec.
1670 1398 1715 1431 V.
1743 1411 1781 1443 p.
1805 1404 1861 1440 44.

248 1455 333 1491 edit.
354 1455 574 1489 Murrianae.
603 1452 692 1486 Sine
706 1452 830 1498 ligura.

322 1511 469 1560 Species
499 1520 552 1545 est
580 1509 748 1544 nondum
773 1504 952 1556 descripta
977 1520 1022 1542 ex
1042 1513 1220 1543 comitatu
1242 1510 1454 1542 Hantoniae
1482 1508 1740 1557 (Hampshire)
1767 1511 1863 1544 Pen-

247 1578 363 1604 nanto
388 1573 514 1612 missa,
542 1566 603 1601 ubi
620 1579 755 1614 magno
771 1578 925 1600 numero
941 1571 1137 1614 praecipue
1152 1571 1277 1599 messis
1300 1575 1467 1613 tempore
1485 1572 1724 1613 reperiuntur.
1743 1569 1779 1601 N
1782 1568 1862 1602 idos

248 1625 428 1661 rotundos
455 1637 473 1658 e
502 1623 631 1658 culmis
651 1635 757 1671 supra
778 1632 911 1657 terram
942 1627 1035 1656 inter
1068 1632 1207 1669 segetes
1227 1651 1235 1667 ,
1271 1635 1542 1670 nonnunquam
1569 1629 1665 1657 inter
1691 1624 1864 1659 cardueta

249 1692 402 1718 struunt.
432 1683 534 1715 Haec
559 1693 644 1716 vero
668 1685 895 1715 conveniunt
913 1684 1009 1713 muri
1026 1686 1195 1714 avenario
1224 1678 1603 1727 (Haber-Maeusse)
1630 1680 1811 1727 Woffsii.

323 1740 473 1773 Pariunt
497 1748 582 1772 octo
614 1737 747 1785 pullos.
776 1738 978 1783 Nunquam
1002 1736 1134 1770 domos
1162 1742 1301 1770 intrant
1321 1764 1329 1780 ,
1361 1736 1426 1770 sed
1457 1749 1564 1784 saepe
1588 1736 1628 1771 fit
1658 1746 1698 1771 ut
1724 1742 1762 1770 in
1785 1736 1860 1772 fru-

250 1801 365 1832 menti
390 1795 585 1843 manipulis
623 1800 661 1828 in
692 1794 821 1828 horrea
848 1802 1061 1841 portentur,
1089 1805 1175 1828 nam
1213 1802 1363 1827 centurn
1395 1805 1502 1840 saepe
1529 1799 1566 1826 in
1594 1798 1705 1826 unico
1731 1805 1861 1829 acervo

251 1858 383 1901 reperti
403 1862 505 1895 sunt,
528 1851 677 1899 quando
694 1851 963 1886 frumentorum
983 1849 1122 1883 cumuli
1145 1862 1190 1883 ex
1207 1855 1299 1895 agris
1314 1855 1351 1883 in
1372 1855 1536 1896 granaria
1560 1849 1837 1884 invehebantur.

324 1909 471 1957 Reliqui
493 1908 559 1943 sub
584 1918 676 1943 terra
699 1921 764 1956 per
786 1908 957 1952 hyemem
983 1905 1123 1951 latent,
1149 1905 1213 1940 ubi
1238 1905 1420 1953 prosunda
1446 1905 1656 1941 habitacula
1682 1905 1862 1942 fodientes

252 1966 383 2001 nidum
405 1965 471 1999 sibi
493 1978 538 1998 ex
560 1970 657 1999 sicco
686 1971 850 2012 gramine
870 1973 1101 1998 construunt.

325 2025 408 2057 Hoc
441 2021 705 2056 animalculum
738 2028 833 2056 inter
858 2020 1064 2055 britannica
1096 2020 1346 2068 quadrupedia
1374 2026 1569 2055 minimum
1597 2030 1660 2055 est.
1688 2023 1861 2068 Corporis

258 2080 448 2127 longitudo
484 2079 530 2114 ab
560 2089 722 2112 extremo
761 2089 878 2113 rostro
902 2077 949 2111 ad
975 2076 1113 2111 caudae
1141 2087 1311 2112 exortum
1342 2078 1511 2112 duorum
1540 2078 1735 2124 pollicum
1769 2090 1862 2111 cnm

254 2137 422 2171 dimidio
444 2146 526 2178 esc,
554 2135 670 2170 cauda
697 2136 876 2170 duorum.
903 2134 1054 2169 Pondus
1080 2144 1181 2168 sexta
1205 2146 1285 2181 pars
1317 2140 1455 2169 unciae.
1488 2133 1611 2168 Multo
1631 2132 1762 2167 exilior
1788 2143 1860 2177 est,

255 2206 365 2241 quam
386 2206 465 2228 mus
488 2192 679 2239 sylvaticus
697 2194 814 2238 major
835 2191 950 2226 cauda
972 2190 1094 2238 longa.
1123 2191 1232 2225 Oculi
1250 2204 1326 2224 non
1345 2197 1393 2225 ita
1422 2196 1695 2239 prominente53
1721 2196 1862 2225 auricu-

256 2250 313 2284 lae
331 2251 478 2298 glabrae
496 2256 534 2286 in
555 2249 676 2286 I'urura
695 2262 758 2286 seu
777 2249 859 2298 pilis
878 2261 974 2297 pene
1001 2247 1220 2285 occultatae.
1242 2247 1367 2284 Gauda
1385 2247 1468 2296 pilis
1489 2247 1682 2284 rarioribus
1710 2252 1836 2285 vestita
1853 2259 1862 2281 ε
