2054 2748
264 176 291 220 6
634 186 1110 219 OBSERVATIONES
1157 189 1513 222 zooLoomAE.

261 285 333 321 pue
365 273 607 318 decorticata,
634 274 870 318 saccharum,
900 272 1081 308 lactucam
1104 272 1283 319 crudam,
1312 273 1416 310 betae
1444 275 1574 312 rubrae
1599 277 1740 314 radices
1763 290 1866 316 aceto

262 330 444 374 conditas,
468 332 688 365 Nicotianae
708 330 915 379 pulverem;
935 329 1026 365 bibit
1048 336 1194 376 vinum,
1212 337 1378 380 spiritum
1400 345 1615 370 cerasorum.
1644 335 1792 372 Coffeae
1807 338 1869 373 de-

262 397 411 422 coctum
440 399 524 421 cum
549 386 644 422 lacte
668 400 743 422 non
773 386 878 422 valde
898 393 1043 423 curavit.
1071 387 1289 423 Autumnali
1310 398 1476 438 tempore
1495 396 1533 425 in
1553 391 1676 427 clauso
1698 393 1867 429 conclavi

262 444 410 479 detenta
437 456 558 492 neque
578 450 702 489 urina,
728 455 841 491 quam
865 449 955 480 irata
975 449 1096 480 statim
1116 450 1232 491 misit,
1259 457 1379 495 neque
1406 456 1543 482 stercus
1568 448 1682 485 odore
1710 450 1867 486 molesta

261 500 336 536 fuit.
366 501 513 549 (Trad.
533 500 662 546 Edit.)

595 622 826 666 SIMIA
872 624 1299 668 AETHIOPS.
1360 625 1529 669 LINN.

334 731 509 763 Comini
537 728 624 763 albo
656 741 767 777 quam
802 741 900 778 ¹792·
930 730 965 767 d.
987 730 1042 766 23.
1061 730 1150 766 Julii
1177 730 1271 776 vidi,
1301 730 1495 780 palpebras
1528 735 1730 780 superiores
1756 738 1869 781 magis

261 786 496 821 candicantes
522 786 658 821 habere
681 786 883 823 videbatur.
922 786 1056 823 Subtus
1082 798 1160 824 tota
1188 787 1294 832 alba,
1328 793 1463 824 vertice
1492 787 1672 823 brunneo.
1706 790 1870 824 Caudam

260 842 445 877 ambesam
467 842 594 878 habuit
615 856 635 877 a
659 856 783 878 morsu
807 850 917 879 canis.
943 843 1061 879 Paulo
1080 845 1198 892 major
1218 844 1309 880 mihi
1326 850 1399 881 visa
1414 845 1679 895 praecedente,
1700 856 1736 880 et
1755 852 1869 895 magis

260 898 410 934 ludicra.
438 901 478 934 In
503 910 632 935 neutra
652 912 692 935 os
716 900 980 936 coerulescens„

332 1072 438 1118 Alia,
470 1085 581 1122 quam
613 1073 826 1120 observavi,
859 1076 1115 1123 magnitudine
1139 1075 1217 1111 felis
1238 1103 1246 1120 ,
1273 1073 1430 1110 caudam
1454 1079 1494 1109 in
1517 1072 1668 1109 dorsum
1692 1083 1870 1121 reponere

259 1128 467 1174 dicebatur,
491 1131 555 1166 sed
583 1144 661 1167 non
686 1138 753 1168 nisi
776 1132 968 1168 sedentem
996 1133 1080 1169 vidi.
1119 1131 1321 1180 Palpebrae
1341 1131 1464 1166 nudae
1483 1130 1611 1175 albae,
1636 1142 1714 1164 non
1734 1134 1871 1165 niveae.

260 1187 385 1221 Facies
405 1193 582 1223 incarnati
606 1189 696 1237 quid
714 1189 846 1234 habet,
862 1199 898 1224 et
917 1194 1013 1225 varia
1034 1199 1106 1224 est:
1127 1189 1266 1225 diversa
1284 1202 1305 1224 a
1320 1187 1537 1223 Buffoniana
1559 1197 1596 1223 et
1610 1185 1871 1222 Schreberiana

259 1248 377 1277 icone.
404 1243 589 1279 Lunulam
608 1255 669 1279 aut
690 1245 881 1292 supercilia
900 1245 984 1280 alba
1010 1258 1088 1280 non
1112 1246 1231 1281 video.
1259 1245 1412 1280 Brachia
1431 1244 1544 1293 longa
1564 1243 1723 1308 gracilia.
1754 1243 1872 1277 Tran-

258 1297 395 1345 quilla,
414 1304 530 1344 mitis,
555 1299 702 1335 blanda.
730 1300 902 1336 Ambitus
923 1300 1029 1335 faciei
1049 1301 1223 1336 nonnihil
1245 1301 1418 1336 barbatus
1437 1301 1521 1349 pilis
1542 1298 1814 1336 concoloribus.

588 1416 821 1459 SIMIA.
866 1415 1535 1460 CYNOCEPHALUS.

332 1526 468 1569 HuNc,
494 1535 606 1572 quem
631 1523 824 1559 Schreber.
849 1537 936 1560 cum
956 1525 994 1560 S.
1017 1524 1267 1573 Cynamolgo
1294 1525 1506 1573 conjungit,
1530 1529 1657 1574 utique
1678 1538 1701 1561 a
1723 1537 1871 1574 praece-

259 1580 372 1616 dente
392 1581 573 1616 diversum
592 1587 745 1629 reperio.
781 1581 815 1616 S.
835 1583 927 1617 Inuo
953 1580 1079 1616 similis
1106 1580 1213 1627 facie,
1239 1581 1518 1630 physionomia,
1541 1587 1681 1617 tristitia
1698 1610 1707 1628 ,
1732 1582 1869 1619 colore.

260 1636 334 1672 Sed
348 1643 488 1683 minor,
503 1637 679 1682 debilior,
691 1637 869 1684 blandus,
892 1650 960 1673 nec
977 1650 1137 1687 nequam
1151 1648 1192 1673 ut
1208 1644 1283 1674 iste.
1303 1640 1338 1673 N
1341 1645 1455 1674 atium
1471 1638 1588 1674 callus
1604 1644 1717 1687 niger.
1738 1640 1870 1687 Margo

259 1701 440 1743 posterior
469 1694 715 1730 auricularum
745 1705 874 1731 rectus.
910 1697 1122 1731 Eminentia
1149 1695 1268 1745 pilosa
1295 1701 1334 1730 in
1361 1701 1505 1732 vertice.
1540 1696 1601 1731 An
1631 1708 1717 1744 ergo
1749 1701 1870 1745 potius

258 1751 429 1800 Aygula?

331 1810 374 1843 In
393 1814 516 1844 cranio
545 1808 634 1844 mihi
661 1808 852 1845 observare
872 1809 998 1845 videor
1026 1814 1299 1845 convexitatem
1322 1813 1410 1844 ossis
1436 1807 1636 1844 maxillaris
1652 1835 1661 1852 ,
1690 1817 1727 1842 et
1750 1819 1869 1843 versus

258 1876 301 1900 os
321 1871 587 1912 zygomaticum
609 1875 774 1915 *quatuor
792 1871 894 1914 quasi
915 1870 1018 1902 initia
1045 1864 1252 1910 sulcorum3
1274 1865 1377 1914 quod
1406 1865 1623 1900 affinitatem
1647 1876 1732 1898 cum
1759 1865 1868 1899 Mai-

259 1934 378 1956 mone
398 1922 557 1957 indicare
572 1922 726 1960 videtur,
751 1923 813 1958 De
836 1935 907 1971 qua
925 1935 965 1956 re
986 1928 1063 1970 ipse
1078 1922 1296 1971 Brogm'arc
1307 1925 1350 1957 in
1367 1923 1559 1970 Descripc.
1579 1921 1633 1955 du
1648 1921 1770 1968 Singe
1794 1920 1869 1967 Cy-

259 1977 480 2026 noceplmle
500 1981 543 2013 ίη
555 1979 689 2016 soum.
711 1980 845 2016 d’lu'sc.
863 1988 948 2014 nac.
979 1979 1020 2014 T.
1043 1981 1074 2017 I.
1095 1991 1193 2027 1799..
1209 1988 1265 2014 n.⁰
1282 1980 1361 2014 XI.
1382 1993 1420 2027 p.
1435 1985 1514 2021 402.
1534 1977 1644 2027 plane
1660 1977 1752 2012 nihil
1768 1976 1866 2012 dicit.

331 2036 480 2079 Facies,
517 2048 620 2070 nares
640 2065 649 2081 ,
681 2037 849 2072 vibrissae
876 2035 1046 2071 Babionis
1076 2048 1101 2070 s.
1129 2035 1314 2084 Sphingis,
1351 2035 1565 2083 Longitudo
1594 2032 1865 2082 sesquipedalis.

261 2092 376 2125 Aures
395 2090 602 2127 subacutae.
629 2093 738 2128 Addo
762 2105 807 2127 ex
834 2092 967 2140 figura,
996 2091 1092 2140 pilos
1120 2091 1328 2140 longiores,
1361 2093 1496 2140 rigidos
1517 2120 1525 2138 ,
1549 2105 1569 2127 a
1592 2090 1775 2140 palpebris
1800 2089 1867 2124 sub

260 2147 424 2193 auribus,
446 2161 560 2196 usque
586 2159 672 2184 ante
699 2162 819 2184 armos
848 2149 1136 2193 descendentes3
1160 2149 1317 2185 caudam
1344 2149 1495 2194 flavam,
1523 2147 1757 2196 longitudine
1784 2158 1866 2182 cor-

260 2210 365 2250 poris.
391 2205 508 2240 Pedes
535 2211 636 2252 nigri.
666 2206 973 2254 (Cynocephalus
1001 2206 1131 2242 eadem
1161 2211 1300 2255 species
1330 2217 1417 2241 cum
1448 2207 1635 2254 Papione,
1662 2203 1866 2241 secundum

260 2261 484 2305 slmleberb,
509 2262 673 2310 Sitzges,
693 2263 849 2310 Illagoc.
867 2276 904 2310 p.
931 2278 958 2298 1.
