2054 2748
233 186 287 219 Ali)
590 184 1066 217 OBSERVATIONES
1109 184 1487 215 ZOOLOGICAE.

249 216 257 232 Ι

232 273 385 323 paulum
405 271 561 319 longior.
602 271 742 306 Oculus
768 279 926 305 armatus
947 269 1038 304 duos
1061 274 1099 304 in
1125 269 1248 303 medio
1276 268 1442 305 observat
1465 270 1586 305 sulcos
1610 269 1669 306 vel
1690 282 1841 306 excava-

233 337 375 373 tioues3
399 332 590 378 primores
614 340 677 362 sex
702 327 887 362 inferiores
906 326 1064 374 perfecte
1083 326 1255 374 aequales
1271 354 1279 370 ,
1303 325 1376 361 ferc
1405 326 1676 373 horizontales,
1709 328 1840 373 obtusi,

231 387 482 435 similibusque
501 386 608 421 sulcis
628 385 771 420 duobus
791 389 964 419 excavati.
989 384 1177 418 Lautam
1192 389 1394 432 superiores
1407 412 1415 428 ,
1435 397 1454 419 a
1471 385 1690 432 primoribus
1705 385 1841 420 distan-

232 457 306 490 tes,
325 444 437 480 tribus
457 443 565 478 sulcis
592 440 852 486 exterioribus,
883 440 1072 475 inferiores
1095 440 1315 489 primoribus
1347 441 1532 490 adpressi,
1559 442 1703 477 duobus
1733 442 1842 477 sulcis

232 501 464 538 interioribus
494 511 642 546 unoque
670 497 755 532 forti
785 503 964 533 exteriore
995 504 1169 534 instructi.
1207 499 1352 534 Dentes
1378 499 1612 534 nzaaeillares
1640 506 1842 548 superiores

232 573 361 610 parum
381 564 539 593 minores
561 561 757 603 minusque
777 555 940 591 distincti
965 568 1076 604 quam
1094 555 1281 590 inferiores
1297 584 1305 600 ,
1334 566 1494 604 quatuor
1515 569 1670 591 numero
1693 568 1769 591 esse
1792 563 1844 591 vi-

232 619 384 661 dentur,
405 615 590 649 inferiores
615 623 798 661 quatuor:
821 613 894 648 duo
919 619 1117 648 anteriores
1143 618 1263 648 antico
1290 618 1400 656 versi,
1425 613 1691 661 unicuspidati3
1719 618 1844 649 tertius

232 676 376 711 brevior
397 670 547 719 cuspide
568 670 698 705 obtusa
711 699 719 714 ,
741 677 861 705 antioc
882 676 1033 714 incisus;
1049 679 1198 718 quartus
1218 668 1464 714 brevissimus,
1481 669 1632 704 obtusus
1653 680 1688 704 et
1703 669 1843 718 planus.

308 731 462 766 Collum
486 728 602 763 breve.
630 727 756 762 Pedes
776 734 974 763 anteriores
994 737 1029 762 et
1052 732 1272 776 posteriores
1291 727 1564 774 magnitudine,
1587 726 1704 761 forma
1726 737 1762 761 et
1778 740 1846 761 nu-

232 803 331 824 mero
353 788 552 835 digitorum
573 784 754 833 aequales.
783 785 928 821 Pollex
952 784 1098 820 brevior
1117 793 1153 819 et
1173 793 1323 818 retusus.
1360 783 1522 831 Ungues
1544 782 1674 828 fortes,
1698 782 1844 828 falcati,

232 850 369 882 incurvi
382 873 390 889 ,
414 854 449 878 et
469 842 641 878 lateribus
660 842 767 878 valde
789 847 996 891 compressi.

306 901 446 937 Cczudcz
463 900 697 948 longitudine
718 906 880 949 corporis
897 928 905 944 ,
920 905 995 934 imo
1012 897 1178 945 longior,
1193 896 1351 944 pilisque
1368 896 1488 930 densis
1502 901 1555 930 uti
1570 907 1702 943 corpus
1718 895 1845 931 obsita.

303 962 345 995 In
370 968 451 993 cute
476 964 597 992 minus
621 957 715 992 bene
736 957 848 1003 farta,
873 956 1021 992 nullum
1044 955 1231 990 observavi
1250 958 1465 1001 vestigium,
1489 952 1646 988 caudam
1665 964 1741 987 esse
1767 964 1848 1000 pre-

231 1016 422 1052 hensilem.
454 1014 538 1063 (Tr.
563 1013 654 1061 Edi)

673 1131 1066 1176 MUSTELA
1117 1129 1408 1172 LUTRA.

306 1243 439 1276 CAPTA
463 1241 585 1285 junior
605 1240 675 1274 Ao.
697 1239 797 1285 1785.
813 1238 848 1273 d.
870 1252 922 1272 10.
939 1235 1166 1284 Septembris
1179 1264 1187 1279 ‚
1210 1234 1445 1282 longitudine
1464 1234 1567 1282 pedis
1583 1239 1688 1268 unius
1704 1232 1850 1282 pollicis

232 1296 373 1332 dimidii
394 1307 509 1343 usque
527 1294 575 1328 ad
595 1294 699 1328 basin
717 1293 864 1327 caudae.
894 1292 1021 1326 Gauda
1043 1301 1186 1339 septem
1208 1291 1372 1339 pollices.

306 1356 394 1388 Non
408 1358 476 1385 nisi
492 1352 586 1385 lacte
608 1350 794 1385 cochleari
810 1349 930 1384 infuso
947 1348 1020 1384 alta
1034 1376 1043 1393 ⁷
1066 1360 1182 1395 usque
1199 1348 1232 1383 d.
1249 1361 1302 1383 21.
1324 1359 1397 1394 quo
1411 1352 1572 1394 primum
1587 1346 1733 1381 oblatos
1746 1351 1851 1394 pisci-

234 1409 337 1445 culos
355 1407 459 1443 avide
479 1411 627 1441 voravit.

306 1463 473 1509 Ejulatus
489 1460 639 1497 sibilans
659 1465 857 1494 continuus
877 1462 946 1492 nisi
962 1466 1054 1492 esset
1069 1467 1154 1490 cum
1168 1456 1331 1491 homine.
1351 1455 1511 1491 Mulceri
1525 1466 1561 1491 et
1579 1456 1720 1505 palpari
1741 1470 1851 1506 quam

234 1528 394 1560 maxime
416 1518 601 1567 gestiebat.
629 1517 782 1564 Semper
801 1521 837 1550 in
862 1515 980 1550 altum
1006 1525 1192 1560 emergere
1217 1518 1350 1561 cupiit,
1372 1523 1408 1547 et
1431 1513 1603 1548 humeros
1621 1514 1797 1549 scandere
1817 1525 1853 1550 et

235 1581 302 1617 sub
321 1577 500 1627 capillitio
517 1588 555 1611 se
573 1573 795 1617 recondere,
818 1582 880 1607 aut
904 1570 1117 1619 ubicunque
1138 1580 1255 1606 tectus
1276 1582 1353 1605 esse
1374 1580 1505 1618 posset.

307 1636 425 1673 Pedes
440 1633 574 1669 molles
594 1631 741 1667 flexiles.
768 1629 839 1666 Pili
859 1636 897 1664 in
917 1640 1070 1663 omnem
1092 1638 1235 1676 partem
1254 1627 1422 1663 mobiles.

309 1692 468 1729 Amabat
488 1702 614 1738 sugere
633 1691 744 1725 lintea
759 1693 860 1737 quasi
880 1696 999 1722 essent
1014 1685 1196 1735 papillae;
1214 1691 1326 1721 etiam
1344 1685 1530 1720 dormiens
1549 1684 1734 1720 infantum
1749 1698 1852 1721 more

236 1750 461 1787 masticabat.

310 1808 414 1843 Odor
430 1819 536 1855 supra
554 1804 710 1840 caudam
730 1802 995 1847 ambrosiacus,
1018 1806 1143 1837 martis
1167 1806 1278 1849 quasi.

312 1866 438 1911 Quum
464 1869 623 1912 primum
642 1860 838 1910 pisciculos
862 1868 1071 1901 voraverat,
1099 1858 1197 1892 male
1225 1856 1372 1892 habuit:
1407 1868 1453 1890 ex
1482 1854 1642 1903 gestibus
1667 1861 1738 1890 visa
1763 1857 1855 1892 milii

239 1932 292 1958 est
310 1927 421 1970 spinis
435 1926 540 1969 piscis
555 1919 743 1968 deglutitis
758 1918 893 1954 laesam
909 1929 996 1952 esse.
1024 1914 1116 1950 Inde
1129 1920 1308 1949 continuo
1331 1912 1499 1960 ejulavit,
1519 1911 1715 1960 aliquoties
1732 1913 1853 1948 adhuc

240 1982 296 2016 lac
321 1979 434 2023 bibit,
464 1983 603 2013 voravit
625 1989 775 2026 quoque
802 1973 1065 2024 pisciculorum
1092 1984 1241 2006 carnem
1269 1983 1380 2020 quam
1410 1969 1653 2005 scindendam
1679 1979 1715 2004 et
1742 1975 1854 2018 spinis

240 2036 468 2087 purgandam
489 2047 717 2079 curaveram,
739 2033 803 2068 sed
823 2032 940 2067 indies
960 2032 1063 2079 pejus
1088 2028 1238 2073 habuit,
1266 2028 1429 2076 languit,
1450 2037 1485 2062 et
1505 2036 1615 2062 nocte
1635 2032 1731 2062 inter
1745 2028 1799 2062 23.
1818 2036 1855 2062 et

242 2102 297 2138 24.
319 2092 542 2142 Septembris
564 2102 708 2127 mortua
734 2101 795 2126 est.

316 2151 422 2196 Alia,
447 2150 480 2185 d.
507 2156 557 2191 14.
575 2149 729 2195 Augusti
759 2148 858 2194 1788.
880 2146 1008 2191 allata,
1032 2143 1280 2194 spithamaea,
1301 2154 1432 2187 coeca,
1459 2140 1596 2189 absque
1618 2139 1697 2175 ullo
1724 2140 1833 2175 dente
1847 2168 1856 2186 ‚

246 2210 380 2258 (quum
401 2208 502 2243 lutris
522 2207 670 2241 dentata
693 2205 882 2251 nascatur)
905 2209 1068 2248 cinerea,
1086 2202 1168 2251 pilis
1188 2200 1357 2235 nondum
1379 2205 1418 2234 in
1441 2210 1590 2233 omnem
1609 2210 1755 2233 sensum
1771 2197 1856 2234 diri-

245 2266 380 2315 gendis.
408 2267 548 2302 Pariter
565 2269 751 2312 superiora
771 2274 890 2298 versus
906 2273 1048 2310 semper
1068 2266 1230 2303 enitens,
1254 2256 1424 2294 validula.
1451 2257 1553 2292 Vixit
1568 2255 1660 2291 duos
1680 2255 1757 2290 dies
1772 2265 1857 2289 cum

1681 2310 1856 2356 dimidio,
