2054 2748
888 136 919 164 A
951 136 980 165 V
1013 138 1038 165 E
1070 135 1102 164 S.
1744 145 1819 174 201

290 224 456 272 Augusto
483 231 590 270 capta
617 223 688 256 Ao.
720 222 819 268 1778.
846 220 1069 267 Magnitudo
1095 218 1250 255 alaudae
1273 219 1469 267 arboreae,
1494 234 1651 260 rostrum
1678 233 1829 263 crassius

217 291 359 316 certans
374 292 458 315 cum
478 289 595 314 rostro
613 283 782 315 arvensis.
797 278 951 312 Verticis
968 290 1114 325 pennae
1136 283 1250 325 magis
1268 278 1489 314 rotundatae
1509 293 1750 332 squamasque
1771 297 1827 320 re-

219 337 397 382 ferentes,
426 336 527 372 disco
546 335 667 370 fuscae
683 340 846 382 margine
867 333 974 369 albae
997 343 1156 369 testaceo
1175 335 1324 370 dilutae.
1343 336 1496 371 Nuchae
1515 349 1658 385 pennae
1672 340 1829 377 laxiores

215 399 337 429 minus
360 393 557 429 coloratae.
580 392 709 427 Genae
731 401 911 427 testaceae
926 419 935 436 ,
961 390 1029 425 sub
1049 396 1089 425 iis
1113 391 1250 426 collare
1271 392 1432 428 albicans
1460 394 1507 429 ad
1528 394 1652 442 gulam
1674 398 1829 433 adscen-

217 450 319 486 dens.
340 451 455 485 Dorsi
473 459 509 485 et
532 454 724 485 tectricum
743 448 849 483 color
870 454 991 497 prouti
1010 454 1048 482 in
1075 454 1217 483 vertice.
1240 449 1423 485 Pulchrae
1444 461 1529 486 sunt
1552 459 1749 501 praecipue
1777 468 1797 490 e

217 513 357 555 miges,
390 517 427 542 et
454 512 614 542 maxime
641 505 879 540 secundariae
907 505 1008 540 disco
1037 504 1341 551 fusco-testaceo,
1373 519 1485 555 quem
1508 514 1622 556 magis
1650 515 1831 557 nigricans

218 563 353 599 limbus
372 563 486 599 ambit
502 591 510 609 ,
529 572 713 597 extremus
727 574 853 610 margo
872 561 985 597 albus.
1008 563 1140 597 Pectus
1159 572 1361 597 testaceum
1383 564 1484 599 fusco
1504 566 1747 611 maculatum3
1771 568 1835 603 ab-

218 621 357 656 domen
380 620 556 655 albidum.
585 620 731 654 Rectrix
754 624 870 667 prima
894 619 978 654 alba
996 625 1160 666 margine
1187 625 1360 655 interiore
1386 621 1511 665 fusco3
1544 622 1714 659 Secunda
1734 624 1834 660 fusca

217 683 382 725 margine
399 681 582 711 anteriore
603 675 712 720 albo3
738 682 841 711 tertia
865 687 902 711 et
923 686 1051 724 quarta
1072 681 1181 721 item,
1204 676 1267 710 sed
1290 689 1416 726 margo
1441 678 1545 714 albus
1567 687 1773 728 angustior,
1797 692 1834 719 et

217 733 336 768 fuscus
351 732 455 768 color
465 738 637 780 marginis
649 739 840 768 anterioris
855 733 1075 781 profundior
1089 761 1098 778 ,
1119 739 1329 781 posterioris
1351 735 1522 780 diluti0r3
1542 743 1690 785 quintae
1704 751 1832 787 margo

216 789 380 825 albicans
408 789 520 839 paulo
544 790 674 835 latior,
699 802 929 838 sequensque
953 789 1052 825 fusca
1074 789 1172 824 linea
1192 789 1434 827 subdendata.
1461 793 1572 827 Duae
1592 795 1834 831 intermediae

216 845 401 881 breviores
420 846 543 882 media
563 846 660 882 linea
684 846 784 882 [usca
808 852 950 883 sinuata
977 853 1015 882 in
1034 857 1192 896 utroque
1215 853 1379 896 margine
1401 855 1463 898 qui
1491 861 1511 884 e
1533 849 1649 887 dilute
1671 862 1832 889 testaceo

216 902 391 939 albicant.
415 903 532 939 Pedes
548 909 679 939 carnei.

411 1007 753 1050 ALAUDA
798 1007 1427 1053 FRINGILLARIA.
1478 1010 1644 1055 Nobis,

293 1097 426 1139 Gula,
446 1098 667 1145 fasciaque
688 1097 831 1132 collari
855 1097 1149 1141 albicantibus,
1174 1107 1294 1133 rostro
1309 1101 1461 1135 comico.

291 1155 427 1198 Parva;
454 1163 589 1189 statura
607 1163 643 1188 et
661 1154 917 1201 magnitudine
936 1153 1120 1201 fringillae
1135 1154 1295 1190 linariae.

291 1211 478 1245 Rostrum
501 1216 696 1255 conicum,
721 1210 814 1245 adeo
844 1210 953 1245 breve
972 1239 980 1255 ,
1007 1221 1048 1246 ut
1070 1211 1142 1245 fere
1162 1211 1285 1247 loxiae
1311 1222 1468 1247 rostrum
1495 1213 1566 1248 dici
1590 1220 1728 1262 possim
1761 1216 1834 1264 (est

219 1277 342 1302 tamen
358 1273 479 1315 potius
495 1277 652 1302 rostrum
667 1266 903 1314 emberizae.)
926 1267 987 1301 Ad
999 1266 1111 1302 latera
1128 1267 1218 1302 colli
1232 1267 1375 1303 inferne
1392 1268 1500 1304 fascia
1515 1270 1724 1319 subalbida⁷
1741 1284 1835 1322 quae

218 1337 237 1360 a
257 1334 360 1373 parte
374 1329 558 1372 superiore
576 1324 768 1371 nigredine
784 1323 1028 1371 irregulariter
1047 1329 1168 1358 cincta
1188 1334 1250 1359 est.

290 1381 477 1427 Remiges
495 1380 733 1414 secundariae
746 1385 891 1413 interne
905 1384 1051 1424 nigrae,
1067 1389 1218 1413 externe
1232 1379 1460 1426 ferrugineae
1474 1408 1482 1426 ⁷
1501 1387 1604 1429 apice
1620 1392 1655 1418 et
1670 1390 1834 1432 margine

217 1442 391 1473 interiore
411 1435 509 1471 albo.

291 1494 453 1528 Reccrix
481 1498 617 1528 extima
637 1490 783 1526 macula
807 1490 921 1539 longa
947 1501 1118 1537 cuneata,
1149 1503 1306 1540 sequens
1331 1499 1541 1540 penextima
1561 1495 1670 1531 simili
1689 1500 1833 1536 macula

219 1550 332 1598 longe
352 1550 526 1585 breviore.

293 1606 421 1642 Pedes
448 1611 551 1654 nigri.

292 1664 353 1699 Ad
374 1663 593 1698 emberizam
617 1662 809 1708 referrem,
835 1668 905 1698 nisi
928 1668 1059 1711 unguis
1081 1673 1200 1698 rectus
1220 1674 1321 1700 esset,
1350 1665 1514 1701 Credidit
1532 1680 1610 1702 non
1629 1680 1738 1706 neruo
1757 1683 1835 1708 esse

219 1720 394 1756 feminam
410 1719 840 1756 emberizaehortulanae
854 1734 861 1763 ;
876 1720 940 1756 sed
956 1726 1087 1768 unguis
1100 1731 1198 1756 certe
1214 1721 1333 1757 differt
1345 1750 1354 1767 ⁷
1367 1735 1436 1758 nec
1448 1723 1588 1759 orbitae
1602 1736 1687 1762 sunt
1700 1728 1831 1765 nudae.

292 1777 363 1812 Ao.
387 1788 487 1825 ¹79¹·
512 1789 568 1812 22.
594 1775 776 1812 Novemb.
801 1776 892 1812 mihi
911 1776 1032 1812 allata.
1064 1778 1211 1813 Nutrita
1229 1777 1346 1814 suerat
1365 1792 1430 1827 per
1453 1779 1607 1829 aliquod
1626 1792 1768 1832 tempus
1796 1791 1833 1819 in

221 1846 340 1871 cavea.

640 1889 980 1934 ALAUDA
1031 1889 1410 1934 SIBIRICA.

294 1980 356 2015 La
378 1978 558 2014 Ceitzmre
581 1979 630 2013 de
648 1982 783 2027 precra.
805 1980 915 2026 Buff.
943 1979 986 2015 V.
1004 1992 1041 2027 p.
1062 1978 1118 2015 (51.
1140 1980 1202 2014 Pl.
1228 1980 1375 2016 enham.
1397 1990 1450 2015 729
1472 1981 1552 2018 650,
1571 1984 1609 2030 s
1636 1997 1665 2019 2.
1697 1985 1834 2022 Vereor

221 2036 328 2072 valde
344 2050 390 2071 ne
411 2036 541 2072 eadem
559 2043 604 2072 sit
623 2049 708 2071 cum
725 2036 858 2071 alauda
878 2042 1068 2084 virginica‚
1088 2036 1199 2083 Buff
1223 2038 1266 2072 V.
1285 2051 1322 2084 p.
1348 2038 1402 2073 55.
1423 2044 1494 2073 sive
1514 2040 1672 2088 alpestri.
1695 2041 1833 2079 Saltem

222 2099 309 2128 icon
330 2094 421 2129 haec
437 2099 660 2142 virginianae
679 2107 700 2129 a
721 2106 805 2129 meo
827 2098 1028 2142 specimine
1049 2092 1214 2140 alpestris
1239 2103 1274 2128 et
1296 2094 1343 2129 ab
1363 2100 1471 2130 icone
1489 2097 1677 2132 Catesbaei
1701 2108 1736 2133 et
1753 2099 1830 2134 Fri-

223 2149 316 2184 schii
338 2163 415 2185 non
436 2150 541 2186 aliter
563 2150 705 2195 differt,
729 2156 799 2186 nisi
819 2152 920 2198 quod
939 2148 1084 2184 macula
1103 2149 1196 2185 infra
1216 2150 1344 2186 oculos
1365 2159 1485 2186 minor
1505 2159 1568 2198 sir,
1593 2152 1698 2189 color
1717 2154 1830 2191 ferru-

223 2212 350 2255 gineus
377 2207 425 2242 ad
446 2207 558 2243 latera
572 2236 581 2254 ‚
612 2218 648 2244 et
668 2220 812 2256 pennae
833 2206 979 2243 collaris
999 2211 1093 2255 nigri
1107 2206 1194 2242 albo
1214 2213 1285 2244 sint
1313 2215 1558 2257 marginatae,
1586 2210 1686 2246 unde
1710 2213 1833 2259 junior
