2054 2748
257 138 335 189 124
610 139 1085 175 OBSERVATIONES
1129 141 1499 171 ZOOLOGICAE.

250 231 374 266 medio
404 230 478 266 fere
506 229 613 276 hujus
641 226 881 271 semicirculi,
909 231 972 274 qui
997 231 1139 261 aurium
1159 235 1368 275 aperturam
1390 225 1550 273 claudit,
1582 226 1728 262 macula
1749 234 1861 276 nigra.

250 289 401 324 Pennae
419 293 561 323 verticis
576 287 699 321 medio
715 291 856 332 nigrae,
874 289 1038 331 margine
1060 283 1373 319 rufo-albicantes.
1401 283 1461 319 Sic
1480 294 1516 320 et
1534 293 1677 320 ceterae
1696 298 1810 334 usque
1824 292 1864 321 in

250 345 411 380 dorsales
423 374 432 391 ,
451 344 512 380 ubi
527 345 677 379 tandum
695 341 831 377 albedo
847 346 1019 388 marginis
1032 341 1212 390 producta
1228 346 1458 377 transversim
1471 341 1663 389 nigredine
1682 342 1864 380 rhacheos

252 402 423 448 finditur,
451 412 486 437 et
504 407 675 448 utrinque
699 399 794 433 duae
816 398 984 433 maculae
1011 398 1149 447 pallide
1169 398 1341 434 rubentes
1361 404 1536 434 oriuntur.
1565 398 1699 435 Subtus
1719 400 1864 436 rubedo

249 459 423 508 amplior,
437 459 560 494 rhachi
576 463 612 491 in
624 455 871 504 pectoralibus
884 461 1014 504 pennis
1029 457 1181 505 quidem
1195 455 1408 502 latiuscula,
1427 455 1492 491 sed
1504 462 1640 492 sensim
1654 464 1866 506 angustiore

249 517 426 553 evadente
443 544 450 561 ,
473 525 508 550 ct
527 513 679 549 tandem
698 519 737 548 in
757 519 866 548 crisso
887 525 1136 550 evanescente.

323 575 507 619 Remiges
535 576 728 619 primariae
747 571 930 606 undecim.
952 570 1199 607 Secundariae
1220 570 1429 607 duodecim.
1456 570 1578 605 Prima
1598 570 1752 606 dimidio
1782 572 1865 620 pol-

249 630 320 665 lice
340 629 498 664 secunda
519 628 682 673 brevior,
714 633 854 676 postice
877 638 963 663 ante
995 634 1139 676 apicem
1161 635 1274 664 incisa
1289 657 1298 674 ‚
1321 633 1486 675 margine
1508 634 1693 663 anteriore
1716 639 1865 665 serrato,

250 687 419 722 Secunda
449 691 617 720 omnium
636 685 847 733 longissima
862 714 871 731 ,
890 691 1056 733 margine
1079 691 1262 721 anteriore
1283 685 1355 722 levi
1375 690 1457 720 sinu
1485 690 1626 731 excisa,
1644 695 1708 720 aut
1725 696 1844 722 retusa
1856 714 1865 732 ‚

249 754 411 779 ceterum
433 749 567 792 pariter
581 753 726 778 serrata.
749 744 872 794 Tertia
897 755 1026 790 parum
1049 742 1194 778 brevior
1215 753 1279 778 est.

323 801 437 835 Color
466 806 646 848 remigum
667 799 921 845 rufo-albens,
948 799 1064 834 fasciis
1086 805 1295 835 transversis
1314 804 1434 846 nigris.
1471 800 1593 833 Prima
1613 798 1773 845 duabus,
1799 806 1867 837 ista

248 863 360 906 apicis
384 857 541 903 latiore,
571 858 673 892 disco
704 857 831 892 baseos
853 856 997 891 macula
1023 856 1179 892 centrali
1202 856 1390 901 solitaria,
1417 854 1646 899 orbiculata3
1673 856 1806 904 (quam
1828 863 1868 892 in

247 915 319 949 alia
339 927 417 949 non
437 913 611 962 reperio.)
630 912 802 948 Secunda
821 914 978 949 totidem
997 913 1114 949 fasciis
1128 942 1136 958 ,
1162 913 1228 948 sed
1245 913 1384 961 absque
1399 911 1545 947 macula
1562 925 1568 947 :
1597 914 1673 958 ejus
1686 912 1772 948 loeo
1788 926 1867 950 ma-

247 971 331 1006 cula
350 984 371 1005 a
391 970 517 1010 rhachi
533 976 760 1018 prominens.
786 971 911 1004 Tertia
934 970 1056 1005 tribus.
1087 971 1227 1015 Quarta
1251 969 1429 1013 totidem,
1456 968 1519 1003 sed
1543 979 1727 1016 postrema
1747 969 1867 1017 brevi,

247 1040 327 1063 non
344 1037 461 1062 totam
480 1026 715 1062 latitudinem
738 1027 950 1073 trajiciente.
972 1027 1111 1072 Quinta
1125 1026 1257 1071 simili,
1283 1025 1347 1060 sed
1363 1030 1467 1074 apice
1484 1026 1560 1071 jam
1573 1025 1681 1070 albo3
1708 1028 1811 1075 quod
1830 1038 1867 1063 et

248 1090 287 1120 in
303 1083 541 1132 sequentibus
556 1112 565 1129 ,
597 1096 691 1131 quae
715 1093 785 1118 tres
808 1082 935 1117 fascias
964 1082 1105 1117 habent
1136 1095 1221 1117 cum
1240 1082 1390 1117 dimidia
1406 1110 1415 1127 ,
1442 1091 1505 1117 aut
1529 1081 1670 1117 duabus
1694 1083 1865 1120 dimidiis.

249 1142 374 1189 Atque
400 1141 490 1175 haec
519 1140 668 1189 quidem
694 1146 732 1174 in
760 1146 923 1186 margine
950 1144 1161 1188 posteriore.
1198 1141 1240 1173 In
1272 1144 1453 1173 anteriore
1483 1143 1648 1186 margine
1674 1144 1869 1177 interstitia

248 1198 441 1232 fasciarum
456 1225 465 1242 ,
491 1210 511 1231 a
537 1202 642 1231 tertia
664 1196 752 1230 inde
772 1208 887 1243 usque
906 1196 953 1230 ad
971 1207 1174 1244 postremas
1189 1195 1352 1230 maculas
1366 1195 1581 1230 rotundatas
1593 1194 1732 1243 pallide
1753 1196 1870 1233 fulvas

248 1254 430 1298 formant,
458 1258 622 1302 quinque
637 1258 676 1287 in
697 1252 863 1300 qualibet
883 1258 1042 1300 remige,
1070 1265 1227 1301 quarum
1250 1264 1345 1300 quae
1366 1257 1512 1300 apicem
1535 1258 1679 1300 remigis
1700 1264 1871 1301 spectant

248 1316 376 1345 ceteris
394 1315 555 1344 minores
583 1315 774 1358 magisque
786 1309 1014 1345 ,rotundatae
1030 1320 1124 1345 sunt.
1154 1308 1290 1345 Subtus
1308 1308 1399 1344 haec
1415 1314 1539 1344 omnia
1560 1309 1689 1345 eadem
1705 1310 1770 1346 sed
1789 1311 1870 1360 pal-

250 1367 425 1401 lidissime
438 1393 447 1409 ,
477 1375 518 1400 ut
540 1375 618 1400 tota
638 1378 721 1399 area
742 1371 943 1399 maximam
961 1375 1104 1411 partem
1117 1365 1202 1398 alba
1221 1371 1276 1398 sit.

327 1423 520 1457 Teccrlces
545 1426 690 1468 nigrae,
724 1419 877 1454 maculis
903 1425 1020 1468 parvis
1048 1425 1160 1454 ternis
1187 1425 1226 1454 in
1254 1429 1413 1468 utroque
1437 1425 1611 1468 margine.
1639 1421 1725 1468 Quo
1753 1428 1870 1471 magis

250 1485 471 1516 anteriorem
490 1487 633 1526 partem
647 1486 815 1524 spectant
831 1504 838 1521 ,
854 1489 899 1510 eo
915 1476 997 1525 plus
1012 1476 1152 1512 habent
1171 1477 1380 1524 nigredinis.

323 1535 410 1571 Ala
430 1537 566 1582 spuria
593 1533 726 1568 eodem
749 1533 864 1567 modo
888 1532 1082 1568 maculata.
1110 1534 1252 1568 Remex
1273 1535 1348 1580 ejus
1368 1539 1484 1582 prima
1504 1540 1671 1582 margine
1686 1542 1870 1573 anteriore

250 1603 328 1630 tota
343 1592 437 1627 alba.
466 1591 601 1626 Subtus
622 1596 789 1625 tectrices
805 1602 867 1624 sex
888 1590 1036 1625 infimae
1048 1600 1084 1625 et
1099 1597 1300 1626 anteriores
1315 1590 1439 1636 albae,
1458 1603 1592 1639 magna
1606 1592 1752 1628 macula
1766 1599 1870 1641 nigra

250 1657 288 1685 in
302 1654 416 1697 apice.
444 1646 605 1682 Secundi
626 1647 763 1682 ordinis
782 1646 845 1681 has
867 1652 1021 1694 tegentis
1042 1647 1148 1682 color
1166 1654 1280 1696 magis
1299 1648 1503 1694 rufescens,
1530 1648 1676 1684 macula
1689 1649 1869 1687 rhacheos

250 1707 297 1742 ad
319 1711 462 1754 apicem
484 1710 606 1752 nigra,
626 1704 926 1739 latolanceolata.
955 1704 1014 1739 Sic
1031 1706 1183 1752 quidem
1203 1710 1241 1739 in
1258 1714 1401 1754 septem
1415 1704 1675 1750 anterioribus3
1694 1711 1731 1740 in
1744 1717 1868 1755 poste-

250 1763 406 1799 rioribus
427 1761 674 1810 sequentibus,
693 1761 838 1796 macula
862 1760 956 1797 haec
972 1760 1080 1797 valde
1094 1771 1305 1810 angustata,
1325 1772 1359 1797 et
1380 1761 1454 1797 fere
1473 1762 1637 1807 linearis,
1650 1768 1726 1797 imo
1747 1774 1784 1799 et
1803 1765 1868 1799 de-

251 1821 385 1857 ficiens.
411 1819 629 1854 Humerales
649 1818 817 1854 similiter
830 1818 1000 1854 fasciatae
1015 1847 1024 1865 ,
1049 1819 1113 1854 sed
1131 1819 1285 1855 maculis
1302 1819 1517 1855 rubentibus
1541 1825 1580 1854 in
1603 1829 1731 1854 centro
1757 1820 1869 1857 aliam

252 1884 433 1913 minorem
457 1882 599 1924 nigram
618 1876 903 1911 continentibus.

324 1936 510 1982 Remiges
525 1933 640 1968 fasciis
654 1933 760 1968 fuscis
780 1933 837 1968 vel
852 1932 1114 1980 nigricantibus
1134 1945 1218 1978 sex,
1245 1938 1382 1969 extima
1397 1939 1561 1982 quinque
1583 1942 1736 1969 tanturn.
1757 1935 1868 1984 Apex

252 1992 426 2028 albicans.
455 1992 624 2025 Duarum
652 1991 953 2025 intermediarum
977 2002 1058 2024 area
1086 1989 1270 2025 rufescens
1293 1990 1409 2026 fasciis
1438 1995 1548 2038 nigris
1572 1991 1761 2036 interjecta
1788 2004 1867 2026 ma-

253 2049 353 2083 culas
373 2048 549 2083 rotundas
573 2047 734 2082 formans
750 2077 759 2093 ,
780 2054 818 2082 111
838 2048 939 2082 disco
960 2046 1071 2082 aliam
1094 2053 1279 2081 minorem
1305 2048 1491 2083 maculam
1513 2053 1755 2096 nigricantem
1777 2061 1868 2083 con-

252 2112 343 2141 tinet
354 2134 362 2150 ,
378 2105 441 2140 sed
459 2115 602 2139 tantum
619 2110 656 2138 in
673 2105 785 2139 tribus
804 2110 899 2153 apici
914 2110 1103 2154 proximis.
1118 2103 1253 2140 Subtus
1268 2104 1358 2140 haec
1371 2111 1507 2153 pariter
1522 2110 1645 2140 omnia
1660 2104 1867 2153 pallidiora.

325 2164 475 2198 Pennae
499 2167 581 2196 tarsi
602 2160 832 2197 rufe-scentesv

325 2218 509 2254 pediculis
531 2217 755 2254 abundabat.
