2054 2748
302 154 384 211 298
673 158 1124 195 onsrzm‘ATmNES
1157 159 1525 189 zoorioorc-QE.

299 250 477 299 adplicari
506 247 600 283 illud
627 252 667 282 in
701 247 844 281 sulcum
871 245 947 279 basi
980 243 1098 279 aculei
1134 243 1358 291 insculptum
1385 243 1555 288 videtur,
1587 252 1623 278 et
1654 242 1776 279 claudi
1806 256 1909 294 aper-

301 319 379 344 tura
401 313 496 342 inter
523 304 693 340 aculeum
715 314 750 337 et
774 301 1026 347 tuberculum,
1048 301 1157 336 simul
1176 311 1298 336 autem
1319 300 1451 336 elevari
1471 300 1568 335 follis
1593 301 1641 336 ad
1661 307 1774 336 instar
1795 314 1911 338 mem-

298 364 453 400 branula
478 373 574 397 retro
595 358 827 397 tuberculum
849 364 935 404 sita,
960 369 995 394 et
1015 371 1159 394 annexa
1182 358 1279 393 dorsi
1304 357 1444 405 duplici
1468 358 1626 393 ossiculo
1649 371 1669 393 a
1690 358 1765 393 basi
1791 359 1911 395 aculei

299 421 457 457 oriundo
487 430 522 455 et
547 427 629 467 post
661 422 729 451 iter
757 415 899 451 dimidii
923 415 1069 464 pollicis
1096 415 1354 463 eonvergendo
1383 415 1596 460 conjuncto.
1621 416 1676 450 Ea
1695 416 1910 453 membrana

298 479 464 528 depressa
481 487 554 520 est,
573 479 641 509 nisi
660 483 868 508 antrorsum
890 482 1006 508 tracto
1028 472 1219 508 tuberculo
1241 472 1413 507 tendatur
1436 481 1472 507 et
1491 471 1663 507 elevetur.

371 537 475 582 Quae
492 546 543 568 res
559 531 605 566 ad
619 536 898 579 respirationem
912 529 1029 565 facere
1045 536 1170 578 utique
1188 528 1348 574 videtur,
1365 538 1401 563 et
1415 533 1633 564 accuratiori
1650 534 1811 564 examini
1825 528 1910 564 sub-

297 593 455 640 jicienda
476 600 528 625 est
550 595 587 624 in
603 593 757 637 piscium
776 588 911 623 horum
931 587 1046 622 natali
1067 587 1159 622 solo.

371 651 430 684 An
449 646 575 683 similis
594 657 649 681 res
673 655 727 681 est
750 645 845 680 illud
867 657 998 680 cavum
1018 643 1120 692 quod
1143 648 1181 677 in
1196 655 1280 678 meo
1308 652 1544 691 sternoptyge
1564 647 1660 677 inter
1680 642 1914 678 membranas

297 705 528 756 epidermidis
555 704 764 739 abdominis
789 702 967 751 pellucidi
990 702 1194 748 reperitur?
1223 700 1284 734 An
1310 698 1397 734 huic
1423 699 1624 747 respondet
1647 712 1804 735 vacuum
1830 705 1914 734 a'ere

297 765 450 813 plenum
470 762 572 811 quod
590 773 699 810 perca
721 759 849 795 labrax
863 765 902 794 in
921 758 1030 794 dorso
1048 756 1168 792 habet.
1195 757 1239 791 V.
1256 756 1412 791 Darlzcc
1431 756 1520 791 lzisc.
1541 765 1624 791 nac.
1644 756 1693 790 cle
1707 757 1913 792 Provence

300 822 378 856 III.
400 834 437 868 p.
459 819 532 866 137.

369 879 410 912 In
431 876 504 910 alio
525 878 690 910 Linnaeo
715 883 751 908 et
772 873 928 908 Blochio
953 885 1032 907 non
1052 871 1176 915 diem,
1197 882 1320 919 neque
1343 869 1413 905 ulli
1430 869 1516 914 alii,
1544 869 1626 917 (qui
1651 870 1760 905 radiis
1781 876 1912 918 pinna-

300 947 382 969 rum
407 933 535 968 solutis
564 942 635 976 est,
670 943 780 979 quem
804 937 841 965 in
870 935 998 978 spiritu
1027 934 1101 965 vini
1124 940 1322 972 conservo,
1344 926 1565 975 (Fila-Fida
1583 927 1814 974 Anglortun)
1836 940 1915 963 sex-

299 990 486 1038 polliearis
507 987 741 1034 longitudine
755 1014 763 1029 ,
782 986 979 1020 altitudine
1000 984 1275 1031 tripollicarisQ
1301 984 1445 1018 radium
1469 990 1630 1029 primum
1650 984 1835 1019 dorsalem
1855 998 1916 1020 va-

300 1046 419 1081 lidum
433 1054 594 1078 erectum
611 1042 823 1076 nullatenus
840 1041 1046 1086 deprimere
1060 1040 1165 1074 valeo
1179 1067 1187 1082 ⁷
1203 1045 1231 1073 si
1245 1039 1300 1074 illi
1312 1045 1379 1085 ipsi
1393 1039 1547 1085 digitum
1560 1038 1707 1086 applico
1724 1045 1917 1089 ipsumque

300 1099 503 1149 deprimere
529 1108 644 1133 tento.
680 1096 754 1130 Sed
783 1101 810 1129 si
840 1103 1057 1142 sequentem
1083 1098 1292 1127 tenuiorem
1318 1093 1461 1127 radium
1488 1102 1599 1140 tango
1616 1121 1624 1137 ,
1654 1104 1732 1128 tum
1762 1106 1917 1145 uterque

298 1157 478 1193 facillimo
496 1160 648 1203 negotio
664 1153 891 1201 deprimitur.
912 1152 1026 1185 Retro
1042 1149 1111 1183 hos
1129 1155 1217 1184 item
1232 1147 1366 1183 fossula
1387 1158 1440 1184 est
1456 1159 1492 1184 et
1511 1149 1724 1185 membrana
1740 1151 1919 1190 elevanda

299 1215 397 1250 follis
421 1214 469 1249 ad
490 1219 612 1247 instar.
639 1211 681 1246 Id
706 1216 743 1245 in
767 1215 931 1257 caprisco
951 1209 1025 1254 jam
1044 1216 1144 1241 recte
1163 1205 1332 1241 observat
1351 1215 1387 1240 et
1407 1205 1579 1241 describit
1602 1207 1920 1256 Willuglzbczeus

299 1286 334 1322 p.
355 1272 430 1308 155.
454 1271 554 1305 unde
578 1279 614 1304 et
640 1274 732 1303 ratio
757 1267 1073 1302 denominationis
1099 1268 1184 1311 quia
1205 1272 1258 1298 est
1281 1268 1383 1311 quasi
1400 1269 1439 1299 in
1457 1263 1707 1308 arcubalistis3
1728 1275 1765 1301 et
1789 1266 1919 1314 Rajzcs

300 1331 465 1377 Synops.
486 1328 626 1362 Piscis.
651 1340 688 1373 p.
711 1326 767 1367 [28.

500 1442 896 1490 BALISTES
943 1439 1509 1484 NUMMIFERUS.
1556 1440 1719 1483 Nobis.

376 1552 426 1586 D.
447 1552 493 1588 Ἠ
518 1549 564 1583 A.
586 1560 641 1583 22.
662 1548 701 1582 P.
726 1552 776 1587 α..
795 1545 837 1581 v,
854 1558 886 1580 0.
911 1545 1021 1578 om.

378 1610 442 1643 Est
465 1606 643 1641 Ballscer
668 1606 801 1651 niger,
827 1604 957 1649 pinna
980 1599 1133 1634 dom-ali
1157 1601 1347 1634 anteriori
1374 1598 1589 1633 [tr-{radiata
1606 1627 1616 1641 ,
1638 1600 1807 1635 caudall
1827 1602 1918 1637 snb-

305 1665 500 1705 rocm7d(z‚
517 1664 665 1708 fasciis
686 1659 843 1694 duabus
874 1656 1158 1692 maxillarihus
1186 1659 1327 1690 aureis.
1365 1656 1612 1690 Bonnccterre
1639 1659 1682 1690 in
1706 1656 1917 1706 Enoyclop.

307 1721 477 1757 method.
512 1717 708 1765 Ichtlzyol.
743 1730 776 1765 p.
803 1727 852 1763 19.
876 1715 935 1763 Sp.
964 1727 1014 1749 12.
1039 1713 1110 1749 tab.
1134 1714 1190 1748 85.
1220 1711 1246 1747 f.
1276 1712 1355 1747 352.
1388 1711 1523 1746 Addo:
1552 1712 1724 1748 maculis
1757 1718 1919 1761 magnis

308 1778 540 1814 orbiculatis
560 1775 677 1818 albis,
699 1773 856 1809 caudae
876 1772 993 1807 lineis
1009 1770 1131 1806 tribus
1145 1769 1412 1805 tuberculacis.
1430 1771 1489 1804 Ex
1502 1769 1624 1804 Insula
1637 1771 1820 1805 Franciae.
1842 1773 1921 1806 No-

306 1849 393 1870 men
413 1839 505 1881 nigri
528 1846 606 1867 non
633 1831 765 1880 placet.
790 1842 797 1858 ‘

379 1894 421 1926 In
441 1903 525 1924 meo
556 1894 755 1937 specimine
781 1892 895 1936 pinna
916 1885 1069 1921 dorsalis
1097 1893 1239 1919 tantum
1268 1892 1322 1918 est
1344 1882 1542 1927 bii-aeliam,
1567 1882 1649 1929 (sed
1678 1882 1770 1919 forte
1794 1890 1920 1920 tertius

307 1949 428 1985 radius
445 1957 564 1982 aetate
581 1946 756 1994 abruptus
783 1943 866 1991 est.)
895 1940 1109 1989 Longitudo
1128 1939 1279 1988 pedalis.
1307 1940 1490 1988 Squamae
1508 1939 1721 1986 granulatae
1740 1947 1843 1989 spina
1864 1954 1922 1976 re-

311 2008 402 2042 flexa
422 2011 639 2048 instructae,
664 2002 781 2038 cauda
802 2000 937 2049 triplici
956 2004 1048 2033 serie
1067 2002 1254 2045 spinarum
1277 1996 1581 2031 recumbentium.
1610 1998 1751 2044 Corpus
1769 1997 1922 2032 maculis

309 2069 451 2111 magnis
471 2060 677 2096 rotundatis
697 2059 808 2102 albis,
830 2064 868 2092 in
888 2056 1029 2091 inferna
1045 2054 1200 2090 laterum
1218 2063 1321 2101 parte
1343 2063 1523 2088 notatum.
1551 2055 1662 2087 Linea
1683 2053 1767 2088 alba
1786 2053 1921 2088 lunaris

311 2133 417 2169 supra
442 2130 571 2153 nasum
597 2116 644 2151 ab
671 2129 745 2150 uno
776 2114 887 2151 oculo
916 2113 964 2149 ad
982 2112 1149 2148 alterum.
1184 2111 1303 2146 Pinna
1330 2110 1469 2145 caudae
1493 2110 1600 2145 radiis
1625 2115 1789 2159 quinque
1816 2110 1921 2156 latis,

313 2178 421 2212 fascia
445 2175 539 2210 alba.

386 2231 582 2268 Buclzodz.
601 2230 664 2266 Pl.
685 2229 833 2265 enham.
854 2238 894 2264 ec
906 2240 988 2263 non
1007 2226 1154 2262 enlzcm.
1168 2225 1263 2260 Dec.
1283 2225 1314 2260 I.
1332 2223 1384 2270 pl.
1408 2223 1585 2271 VILfig.
1607 2236 1638 2258 2.
