2054 2748
1762 138 1785 146 -ι

815 113 1268 142 AMPHIBIA
1763 118 1843 161 οη

238 215 317 238 11011
345 200 453 237 valde
479 198 704 247 agitabatur,
729 196 793 231 sed
820 195 1081 243 corpusculum
1102 195 1201 230 lente
1227 201 1277 230 ita
1304 195 1501 243 torquebat
1516 224 1526 243 ,
1550 208 1591 233 ut
1612 209 1722 247 caput
1745 210 1781 235 et
1804 213 1845 236 os

238 270 381 307 semper
404 256 554 292 haberet
573 262 611 290 in
630 266 771 289 summa
790 262 903 301 parte.
932 254 1029 287 Exiit
1047 266 1120 287 una
1140 262 1202 287 aut
1221 252 1334 287 altera
1353 251 1497 287 bullula
1516 259 1606 288 astris
1626 268 1670 290 ex
1697 257 1845 293 naribus

239 314 464 364 quandoque
479 324 550 347 una
572 324 617 347 ex
637 323 720 357 ore,
743 314 938 358 praecipue
959 321 1031 343 una
1047 309 1221 355 grandior
1238 309 1285 344 ad
1300 315 1418 344 sinum
1434 314 1515 343 oris.
1538 310 1693 358 Aliquot
1709 314 1846 349 vicibus

239 372 404 418 linguam
427 367 626 416 ejaculatus
646 377 719 412 est,
750 372 804 401 uti
827 365 948 400 solent
971 364 1080 412 vulgo
1101 375 1285 414 serpentes
1310 364 1445 411 facere,
1469 365 1533 400 sed
1556 364 1630 400 hoc
1654 380 1845 405 momento

239 427 364 463 nullus
382 432 444 462 aer
462 431 559 461 exiit.
589 422 767 473 (Globuli
786 428 825 458 in
844 419 1034 470 superficie
1056 428 1219 469 corporis
1239 422 1429 458 haerentes
1445 423 1492 458 ad
1511 435 1588 457 rem
1604 422 1657 457 nil
1677 423 1844 473 faciunt.)

239 484 418 533 Impedivi
440 496 513 532 quo
534 488 654 516 minus
675 493 714 515 os
734 489 857 528 posset
879 478 1010 524 majori
1029 483 1158 513 aereae
1180 478 1304 513 bullae
1331 479 1515 528 applicare
1543 492 1636 528 quae
1662 479 1847 517 formaba-

240 550 319 583 tur,
341 539 529 576 vasculum
550 536 766 573 invertendo
793 540 1086 584 quotiescunque
1109 541 1227 584 capite
1250 542 1289 570 in
1309 535 1426 572 altum
1446 542 1652 573 eniteretur.
1673 538 1848 583 Quamvis

241 606 277 631 et
296 596 390 631 illud
408 602 524 632 visum
543 600 608 639 sit,
632 607 711 628 non
731 603 806 628 tam
826 592 967 628 bullam
988 592 1072 627 ideo
1097 598 1172 641 peti
1195 595 1216 627 a
1234 603 1403 641 serpente
1422 604 1463 629 ut
1482 606 1612 629 nasum
1632 593 1688 629 illi
1710 600 1847 630 immit-

241 662 332 688 teret
354 657 550 700 ae‘remque
574 650 754 695 hauriret,
782 650 845 685 sed
874 648 1032 684 naturali
1060 655 1099 684 111
1121 649 1239 684 altum
1261 650 1425 685 enitendi
1449 656 1539 685 nisu.
1571 653 1701 699 Neque
1727 656 1850 686 aerem

239 708 350 743 credo
370 714 509 754 emisit,
529 718 614 743 ante
635 720 747 756 quam
764 707 877 742 horae
900 706 974 741 fere
996 706 1201 754 quadrante
1220 719 1338 755 aquae
1358 713 1547 742 immersus
1570 707 1703 743 fuisset.

311 765 400 800 Post
423 764 538 800 horae
558 770 715 813 spatium
732 770 906 799 immotus
925 763 999 798 fere
1019 763 1137 799 haesit
1155 764 1280 800 hiante
1296 777 1369 799 ore.
1398 765 1545 799 Credidi
1560 775 1747 799 mortuum
1763 777 1849 801 esse.

238 821 314 856 Sed
337 822 541 870 quadrante
567 822 680 857 horae
705 821 831 869 elapso
860 826 968 856 series
992 820 1231 869 globulorum
1260 826 1452 856 aereorum
1479 833 1553 855 uno
1582 820 1646 855 filo
1673 827 1711 856 in
1733 821 1850 856 altum

238 878 452 924 adscendit,
482 891 601 913 rursus
632 888 668 913 et
694 877 822 914 ultima
842 884 920 913 vice
939 891 1069 926 parum
1092 890 1128 913 se
1151 884 1278 924 torsit,
1307 888 1343 914 et
1362 889 1441 913 tum
1467 882 1587 924 rigens
1606 887 1850 927 extensusque

238 933 354 970 haesit
372 940 411 969 in
432 947 538 983 aqua.
566 937 743 970 Exemtus
762 935 892 970 flexilis
913 945 998 970 erat.
1025 936 1137 970 Posui
1159 940 1197 969 in
1215 934 1355 970 scatula
1373 940 1411 968 in
1426 946 1530 981 gyros
1546 944 1693 969 tortum.
1721 935 1849 970 Altero

238 1002 347 1025 mane
373 990 562 1037 subrigens
590 992 723 1037 jacuit,
757 1000 798 1026 ut
821 1001 947 1026 tamen
973 991 1142 1025 manibus
1166 990 1332 1026 molliter
1350 990 1543 1040 tractando
1570 990 1699 1026 flexilis
1720 997 1851 1026 iterum

239 1047 418 1082 evaderet.

313 1102 372 1137 Sic
395 1102 429 1137 d.
455 1116 505 1149 ¹7·
522 1102 594 1136 Jul.
626 1113 722 1149 1797.
756 1103 845 1150 (Ao.
865 1101 928 1149 V.)
961 1109 1120 1149 angutxn
1142 1102 1309 1149 fragilem
1336 1101 1425 1137 tubo
1457 1109 1569 1138 vitreo
1599 1108 1731 1137 immisi
1756 1116 1852 1152 aqua

238 1159 462 1208 plenissimO.
491 1159 626 1194 Omnia
648 1158 722 1193 fere
746 1158 933 1194 observavi
952 1168 991 1194 ut
1008 1164 1046 1193 in
1065 1159 1327 1207 praecedente,
1348 1164 1417 1194 nisi
1438 1160 1538 1207 quod
1559 1159 1678 1195 bullas
1693 1172 1757 1195 ore
1772 1173 1851 1195 non

238 1216 391 1251 viderim
415 1220 539 1261 exire,
564 1228 685 1264 neque
705 1215 869 1263 linguam
893 1221 1018 1251 exseri.
1046 1215 1132 1251 Alio
1148 1226 1321 1252 avocatus
1345 1221 1519 1263 negotiis,
1542 1229 1656 1265 quum
1676 1226 1759 1264 post
1779 1229 1851 1251 ses-

239 1271 434 1320 quihoram
451 1272 625 1308 redissem
640 1301 649 1319 ,
671 1282 856 1308 mortuam
875 1278 1002 1321 reperi.

626 1387 891 1429 TESTA
943 1387 1470 1429 TESTUDINIS

311 1500 355 1533 ΙΝ
374 1497 438 1533 illa
460 1497 665 1542 testudine,
690 1509 801 1545 quam
826 1497 1029 1532 carolinam
1052 1509 1128 1532 esse
1151 1506 1239 1544 puto
1257 1525 1265 1541 ,
1289 1506 1402 1532 testae
1423 1496 1483 1531 diu
1503 1502 1542 1531 in
1564 1509 1658 1544 aqua
1680 1496 1850 1533 detentae

241 1553 364 1589 ablato
386 1559 558 1601 periostio
587 1559 734 1588 interno
760 1564 977 1601 sequentem
1001 1564 1220 1589 structuram
1246 1559 1400 1601 reperio.

314 1610 477 1645 Scutella
507 1621 543 1645 et
572 1621 673 1645 scuta
700 1616 766 1645 ista
795 1621 899 1646 extus
928 1616 1142 1660 apparentia
1170 1622 1248 1644 non
1277 1616 1346 1644 nisi
1375 1609 1644 1658 epidermidem
1674 1621 1850 1659 spectant.

241 1668 343 1702 Ossei
368 1673 540 1715 tegminis
566 1680 760 1715 compages
784 1667 895 1715 plane
923 1667 995 1702 alia
1020 1678 1084 1702 est.
1120 1666 1269 1701 Scilicet
1292 1672 1329 1701 in
1353 1667 1476 1701 medio
1499 1667 1696 1702 decurrunt
1715 1668 1850 1703 decem,

243 1724 439 1766 ossicula,
468 1736 625 1771 quorum
647 1723 797 1758 cuilibet
819 1735 971 1772 excepta
997 1724 1192 1772 apophysis
1221 1723 1416 1768 adhaeret,
1443 1729 1538 1758 iuter
1565 1737 1718 1772 quarum
1748 1725 1850 1761 binas

242 1792 385 1828 semper
411 1781 601 1826 interjacet
631 1792 763 1827 corpus
790 1781 975 1816 vertebrae
1005 1780 1249 1826 cylindricum
1280 1781 1403 1815 medio
1431 1791 1640 1827 coarctato,
1669 1781 1776 1817 facile
1804 1782 1850 1818 ab

241 1836 489 1885 apophysibus
513 1836 643 1885 quibus
663 1838 873 1884 interjacet,
892 1838 1076 1873 secedens.
1112 1838 1179 1872 His
1199 1837 1361 1872 ossiculis
1385 1837 1630 1886 subquadrata
1654 1849 1716 1874 aut
1742 1838 1850 1875 hexa-

242 1907 338 1942 gona
357 1893 473 1929 forma
492 1904 554 1929 est.
582 1893 766 1940 Adjacent
788 1900 828 1930 iis
851 1894 898 1929 ab
923 1905 1082 1943 utroque
1107 1893 1221 1929 latere
1244 1905 1334 1930 occo
1353 1894 1424 1930 alia
1445 1895 1608 1944 oblonga
1622 1924 1630 1940 ,
1652 1896 1759 1945 tripla
1774 1896 1847 1932 fere

243 1961 304 1986 aut
324 1950 527 1999 quadrupla
548 1956 690 1986 ratione
716 1951 956 1999 longitudinis
974 1952 1021 1987 ad
1040 1952 1294 1996 latitudinem,
1315 1965 1409 2001 quae
1424 1959 1597 1988 interiore
1615 1963 1650 1987 et
1671 1960 1849 1988 exteriore

243 2007 357 2043 latere
376 2007 517 2043 alterne
537 2007 788 2044 subbreviores
807 2020 868 2044 aut
889 2009 1085 2058 longiores.
1125 2008 1334 2045 Cohaereut
1360 2021 1433 2045 tam
1461 2016 1557 2047 inter
1578 2023 1614 2045 se
1635 2023 1743 2058 quam
1764 2023 1849 2045 eum

243 2065 372 2100 mediis
397 2065 560 2100 ossiculis
587 2078 658 2114 ope
682 2075 886 2102 suturarum
913 2066 1108 2101 denticulis
1133 2073 1290 2114 exiguis,
1316 2073 1611 2115 continguntque
1633 2066 1849 2115 plerumque

244 2119 330 2156 bina
351 2122 575 2171 quandoque
603 2134 638 2158 et
662 2133 764 2159 terna
790 2123 1092 2159 intermediorum
1113 2124 1365 2159 ossiculorum.
1403 2127 1443 2159 Iu
1469 2125 1531 2159 illa
1561 2136 1708 2171 quoque
1729 2130 1848 2159 conti-

245 2188 377 2214 nuatur
404 2189 441 2214 et
464 2185 632 2216 inseritur
652 2187 770 2216 tenuis
799 2181 993 2229 apophysis
1022 2189 1242 2229 transversa,
1268 2194 1360 2230 quae
1380 2181 1425 2217 ab
1444 2181 1620 2229 apophysi
1640 2180 1848 2216 mediorum
