2054 2748
788 146 1089 177 PISCES.
1657 151 1739 195 299

211 232 281 266 Hic
300 242 400 265 meus
425 239 478 265 est
497 236 691 278 ipsissimus
711 229 798 275 ille,
822 235 883 278 qui
907 230 1146 278 Guaperzme
1175 230 1407 266 maculatae
1429 239 1579 268 nomine
1606 233 1739 269 deseri-

137 288 234 323 bitur
249 298 285 323 et
298 293 459 337 pingitur
470 300 490 322 a
504 288 727 323 Somzemco
743 290 784 322 in
794 287 950 322 Roziers
964 288 1123 323 Obsem).
1138 288 1269 324 d’liisc.
1288 297 1371 324 nac.
1389 296 1487 336 1774.
1506 293 1602 326 Juin.
1617 304 1651 339 p.
1662 292 1740 333 445.

137 344 229 380 Tab.
250 347 290 380 ΙΙ.

348 415 742 459 BALISTES
788 415 1321 458 PELLUCIDUS.
1367 414 1527 458 Nobis.

207 499 354 545 Niger,
379 497 536 532 caudae
555 497 1021 544 subsepcem-carinacae
1035 499 1165 543 pinna
1186 496 1351 539 limam,
1373 496 1482 532 linea
1503 496 1642 532 baseos
1654 502 1741 545 pin—

136 567 215 589 nae
241 554 410 590 dorsalis
443 553 657 601 {malisque
686 553 783 588 alba
805 552 1037 601 pellucido,
1068 553 1280 600 pectoralis
1304 556 1458 601 pinnae
1488 553 1574 589 basi
1606 554 1741 590 subcus

137 611 307 658 hispida.

210 667 344 702 Similis
363 667 617 714 magnitudine
636 666 827 715 formaque
846 666 982 714 figurae
1002 665 1073 701 bal⁴
1089 671 1272 714 ringentis.
1294 666 1409 701 Color
1427 677 1462 702 et
1483 667 1597 702 cauda
1618 667 1743 703 lunata

135 723 275 758 eadem.
302 725 418 758 Pinna
440 723 592 758 dorsalis
618 729 781 758 anterior
808 729 917 758 etiam
945 723 1142 769 biradiata‚
1170 724 1235 758 sed
1264 729 1322 758 vix
1350 723 1517 768 dentata,
1548 724 1664 772 qualis
1690 735 1743 760 est

134 785 271 828 primus
290 780 410 815 radius
429 781 527 828 apud
550 780 755 815 Blochium.
781 781 914 828 Neque
941 790 977 815 et
1004 780 1135 815 fasciae
1155 779 1447 815 coerulescentes
1467 786 1661 828 pinnarum
1679 781 1744 816 ad-

134 846 229 871 sunt.
258 838 402 871 Dentes
426 843 589 884 margine
612 847 836 882 tranSVerSO,
863 837 961 883 lato,
991 837 1208 872 scindentes.
1237 837 1419 885 Squamae
1438 850 1559 872 versus
1580 849 1744 873 ventrem

134 892 202 928 sub
221 898 333 940 pinna
352 894 530 941 pectorali
551 893 662 929 aliam
679 906 791 942 quam
809 904 951 928 ceterae
970 894 1212 929 directionem
1235 894 1381 929 habent.

206 950 329 983 Etiam
349 948 448 984 huno
468 962 575 998 supra
594 950 711 985 dictus
729 952 819 995 Bary
835 952 1056 998 Muzigensis
1080 950 1182 985 dedit
1206 951 1303 996 1795·
1321 951 1411 997 (Ao.
1428 950 1480 996 Ξ.)

206 1006 271 1039 Est
293 1005 453 1039 balisces
475 1007 654 1039 sulcatus
672 1006 890 1051 Laeepedii
908 1007 987 1041 [ab.
1016 1008 1067 1040 18.
1082 1007 1119 1051 f
1140 1021 1166 1039 1.
1195 1005 1364 1040 Sulcatus
1386 1006 1582 1053 Lacepedii
1605 1005 1743 1041 habitat

133 1063 172 1093 in
192 1065 284 1094 mari
303 1058 448 1094 Sinensi
471 1070 508 1095 et
527 1060 689 1095 Africam
718 1061 934 1095 orientalem
958 1061 1132 1095 alluente.
1159 1063 1267 1095 Meus
1290 1074 1336 1094 ex
1363 1061 1486 1096 Insula
1510 1063 1744 1097 Ascensionis

134 1115 276 1151 allatus.

386 1174 779 1217 BALISTES
829 1173 1489 1231 QUADRICORNIS.

205 1258 320 1292 Maus
339 1269 424 1291 cum
443 1257 689 1305 descriptione
705 1262 889 1293 convenit.
917 1256 991 1292 Sed
1005 1256 1105 1292 frons
1120 1263 1234 1305 magis
1250 1257 1410 1293 declivis.
1429 1258 1544 1293 Color
1557 1259 1740 1308 pallidior,

133 1313 301 1348 maculae
331 1313 478 1360 nullae,
511 1314 665 1350 tessulae
692 1314 862 1349 radiatae.
902 1314 1045 1361 Quibus
1078 1314 1199 1350 differt
1225 1328 1245 1350 a
1272 1315 1473 1351 Blochiana
1496 1315 1626 1364 figura7
1651 1318 1741 1353 Tab.

136 1371 339 1405 CXXXIV.

318 1447 785 1491 TETRODON
831 1447 1355 1491 MACULATUS.
1402 1450 1560 1495 Nobis.

207 1527 419 1575 Hispidus,
446 1528 617 1563 maculis
635 1531 780 1575 sparsis
805 1527 1077 1563 mediocribus.

208 1585 328 1620 Datus
346 1598 367 1620 a
387 1587 477 1630 Bary
498 1586 719 1631 Muzigensi‚
746 1590 808 1633 qui
826 1597 872 1619 ex
885 1584 1007 1620 Insula
1028 1585 1200 1619 Franciae
1220 1584 1352 1621 attulit.

486 1671 954 1715 TETRODON
999 1670 1404 1714 HISPIDUS.

207 1755 320 1789 Mans
340 1759 377 1787 in
397 1758 526 1800 spiritu
544 1763 777 1788 conservatus
797 1765 882 1788 curn
901 1752 1044 1787 Blochii
1062 1751 1174 1799 figura
1196 1764 1340 1800 prorsus
1361 1761 1546 1792 convenit.

209 1810 283 1845 Sed
302 1809 416 1845 alium
438 1810 608 1857 possideo
633 1815 787 1854 siccum,
807 1815 870 1858 qui
891 1815 1025 1857 pariter
1048 1818 1145 1843 totus
1168 1808 1312 1856 papillis
1328 1816 1478 1846 setaceis
1496 1811 1657 1860 hispidus
1677 1826 1740 1861 est,

135 1867 197 1903 sed
218 1866 370 1902 maculis
390 1866 595 1901 rotundatis
614 1866 813 1914 adspersus.
844 1865 1037 1900 Guccczczcs
1055 1871 1177 1900 vocari
1196 1872 1349 1913 poterit,
1369 1873 1397 1902 si
1419 1867 1577 1904 diversus
1600 1870 1716 1906 fuerit.

207 1926 249 1959 In
264 1923 331 1958 illo
350 1929 388 1957 in
413 1928 539 1971 spiritu
563 1928 635 1959 vini
653 1933 794 1959 servato
818 1923 924 1959 video
942 1949 950 1967 ,
973 1928 1002 1957 si
1022 1922 1077 1958 illi
1096 1927 1218 1957 aerem
1238 1935 1304 1970 per
1326 1936 1366 1957 os
1380 1924 1489 1970 insto,
1515 1938 1599 1961 eum
1621 1938 1739 1963 totum

134 1981 296 2029 expandi
309 1986 347 2014 in
361 1979 502 2014 bullam
522 1989 557 2014 et
573 1979 747 2027 globum,
766 1993 808 2015 ac
822 1990 1066 2028 supernatare.
1092 1980 1188 2013 Eum
1208 1979 1376 2015 manibus
1391 1993 1613 2031 quocunque
1625 1985 1736 2019 modo

136 2048 273 2082 tracto,
293 2049 360 2071 nec
382 2036 529 2084 deplere
549 2042 631 2072 aere
653 2050 811 2086 possum.
838 2038 934 2072 Raro
955 2037 1088 2071 accidit
1107 2046 1147 2071 ut
1166 2035 1314 2071 sibilum
1333 2037 1450 2072 levem
1468 2052 1539 2074 ano
1560 2047 1655 2075 exire
1674 2054 1738 2076 au-

135 2094 271 2139 direm,
303 2093 367 2128 sed
387 2106 497 2141 quam
521 2104 664 2142 partem
688 2104 765 2130 turn
795 2094 1053 2142 depresserint,
1080 2102 1143 2128 aut
1161 2094 1250 2141 quid
1272 2100 1310 2128 in
1331 2107 1485 2143 corpore
1504 2103 1716 2132 mutaverim
1730 2127 1738 2143 ,

136 2155 272 2185 nesciO.
301 2152 353 2185 lta
371 2151 522 2185 tandem
543 2161 626 2199 post
646 2151 761 2186 multa
780 2156 980 2186 tentamina
1000 2155 1083 2185 satis
1103 2149 1304 2199 collapsus,
1330 2162 1370 2187 ut
1384 2152 1455 2187 lere
1479 2153 1629 2188 dimidia
1649 2159 1738 2190 aeris

136 2213 320 2256 quantitas
338 2218 510 2245 evacuata
530 2208 719 2247 videretur.
747 2209 930 2257 Tangenti
945 2217 1031 2243 tunc
1046 2219 1178 2255 corpus
1196 2208 1243 2244 ad
1263 2209 1411 2246 dorsum
1426 2209 1500 2245 fere
1519 2211 1738 2258 quadratum
