2054 2748
700 136 1148 166 AMPHIBIA.
1643 130 1725 188 269

472 216 854 260 LACERTA
898 219 1370 263 PALUSTRIS.

196 307 407 344 STATURAE
427 308 632 344 mediocris.
670 309 792 345 Allata
819 311 888 345 Ao.
914 311 943 346 3.
967 311 1089 359 (1795.
1112 321 1195 359 post
1220 311 1386 347 medium
1410 312 1596 361 Augusti).
1623 317 1724 353 Vixit

122 371 161 400 in
181 377 273 412 aqua
288 392 296 408 ‚
318 370 357 398 in
377 377 459 399 vase
479 377 572 413 aqua
597 366 825 414 semipleno,
848 377 887 401 ut
908 377 1031 401 tamen
1054 380 1198 416 semper
1224 367 1298 402 sere
1318 367 1376 402 vel
1399 381 1506 417 saepe
1528 377 1724 408 eniteretur

120 427 158 456 in
178 421 294 456 altum
317 431 353 455 et
373 424 558 469 emergere
579 433 736 470 cuperet.
770 424 880 457 Posui
903 429 940 458 in
962 423 1035 458 alio
1056 436 1138 459 vase
1162 424 1223 459 ubi
1245 430 1304 460 vix
1324 424 1455 460 fundus
1476 438 1569 474 aqua
1595 437 1720 464 tectus.

119 479 247 525 Capite
269 486 370 512 extra
390 490 523 526 aquam
542 490 580 512 se
603 483 795 513 continuit.

190 535 350 581 Imposui
375 540 584 581 portionem
613 533 784 569 lumbrici
811 534 844 569 d.
869 549 895 569 1.
913 534 1011 583 Sept.
1041 537 1143 570 Licet
1165 535 1246 583 plus
1270 549 1379 584 quam
1406 547 1490 572 octo
1519 537 1646 574 diebus
1670 541 1721 584 je—

119 591 298 636 junasset,
328 595 448 624 vivum
480 602 556 624 non
584 590 753 638 adgressa
780 601 842 626 est.
876 592 1055 626 Postridie
1089 602 1276 627 mortuum
1307 606 1385 628 non
1410 600 1528 642 reperi
1554 595 1721 643 amplius.

116 648 277 694 Imposui
295 646 465 680 limacem
481 646 624 681 ssavum.
650 648 738 681 Non
752 652 871 694 tetigit
884 675 892 691 ‚
906 660 1027 695 neque
1044 653 1189 683 oniscos
1206 655 1396 684 immissos.
1424 651 1509 685 Vidi
1527 663 1619 696 eam,
1633 651 1721 686 licet

117 702 249 737 fundus
271 707 361 736 vasis
388 707 449 736 vix
476 712 717 738 transversum
738 703 894 751 digitum
918 716 1012 752 aqua
1038 714 1153 739 tectus
1173 716 1284 751 esset,
1312 715 1435 740 tamen
1454 707 1655 754 aliquando
1673 707 1721 742 ad

117 764 296 807 parietem
318 763 398 793 vitri
418 764 527 804 eniti,
547 769 582 794 et
604 760 802 795 ascendere
823 759 919 794 velle
935 788 943 804 ,
965 770 1004 795 ut
1023 770 1147 795 tamen
1171 761 1270 797 aliud
1297 763 1385 810 quid
1405 763 1582 808 voluerit,
1609 775 1721 812 quam

115 815 230 849 modo
250 819 372 849 aerem
385 820 567 863 respirare.
588 816 652 851 Ad
671 822 750 853 vitri
770 822 925 864 parietes
946 816 1043 853 valet
1057 817 1299 863 adscendere,
1318 819 1381 854 sed
1400 831 1480 854 raro
1497 847 1505 865 ,
1526 832 1596 855 nec
1614 819 1720 855 facile

112 881 153 906 ut
174 871 325 906 videtur.

188 929 303 963 Extra
321 940 454 974 aquam
476 927 681 974 hybernare
695 929 847 964 videtur.
869 929 1008 965 Saltem
1024 942 1092 978 ego
1113 930 1257 978 aliquot
1272 931 1507 967 semiadultas
1522 932 1556 967 d.
1573 945 1604 967 2.
1617 931 1717 980 Sept.

113 990 207 1019 intra
227 985 414 1031 putridum
432 985 550 1018 salicis
570 995 741 1019 truncum
761 985 863 1020 humi
890 987 1095 1032 projectum
1116 993 1243 1033 reperi.
1280 989 1333 1021 Ita
1355 997 1482 1034 postea
1502 988 1717 1035 aliquoties,

110 1050 152 1075 ut
170 1044 279 1074 etiam
297 1043 399 1086 aquis
418 1039 572 1084 injectae
593 1045 731 1076 exitum
745 1040 971 1076 molirentur.
998 1042 1121 1076 Etiam
1139 1048 1364 1089 aequinoctii
1382 1053 1548 1090 tempore
1567 1043 1717 1078 adultae

111 1096 269 1131 lacertae
288 1094 466 1142 palustres
490 1100 528 1128 in
548 1100 645 1128 sicco
665 1104 830 1142 repertae
844 1104 884 1128 ut
901 1106 939 1128 se
953 1094 1223 1130 absconderent
1237 1108 1303 1144 per
1317 1096 1484 1141 hyemem
1500 1124 1508 1142 ,
1524 1110 1716 1145 nunquam

110 1157 204 1187 intra
230 1163 364 1199 aquam
383 1155 442 1185 cui
460 1155 593 1185 immisi
621 1162 659 1185 se
679 1155 962 1194 continuerunt,
989 1150 1054 1184 sed
1083 1163 1226 1199 semper
1253 1164 1293 1186 os
1315 1163 1562 1190 exseruerunt.
1589 1154 1715 1191 Ranae

108 1221 129 1244 e
148 1212 331 1244 contrario
351 1206 481 1253 hyeme
496 1213 535 1243 in
551 1219 646 1256 aqua
661 1235 671 1254 ,
694 1217 730 1243 et
750 1220 816 1256 per
835 1216 1011 1242 aestatem
1029 1213 1142 1255 magis
1160 1213 1200 1243 in
1218 1213 1327 1244 sicc0.

180 1335 349 1369 Lacertas
366 1332 544 1381 palustres
564 1332 652 1368 duas
671 1333 873 1368 mediocres
896 1333 1082 1369 observavi
1100 1339 1138 1368 in
1153 1345 1248 1382 aqua
1267 1343 1481 1381 stagnante;
1501 1334 1615 1371 altera
1630 1337 1710 1383 pal-

107 1390 218 1426 lidior
239 1389 364 1437 glabra
382 1388 582 1436 tranquilla
602 1398 698 1432 erat,
722 1389 835 1424 altera
853 1396 1016 1433 cristata,
1038 1389 1276 1436 profundiore
1295 1389 1421 1424 colore
1440 1400 1565 1426 ventre
1587 1404 1713 1429 macu-

105 1447 200 1491 lato,
224 1445 272 1481 ad
294 1457 408 1480 anum
429 1450 613 1492 utrimque
636 1454 780 1479 tumore
804 1445 965 1492 gaudens
992 1444 1059 1491 (an
1084 1444 1257 1491 genitalia
1285 1446 1359 1491 jam
1387 1445 1506 1481 evolvi
1531 1453 1710 1496 incipien-

104 1509 155 1538 tia
164 1502 200 1550 ‘?)
223 1501 378 1536 caudam
397 1500 445 1535 ad
466 1505 598 1536 ventris
619 1499 731 1535 latera
752 1500 923 1535 reflexam
941 1499 1089 1548 gerebat
1101 1527 1110 1544 ‚
1130 1513 1337 1549 corpusque
1351 1508 1529 1538 continuo
1545 1510 1711 1553 mireque

104 1557 273 1607 agitabat.
299 1558 470 1592 Domum
490 1555 683 1592 translatae
702 1566 737 1591 et
756 1562 794 1591 in
813 1569 874 1592 vas
899 1569 994 1604 aqua
1017 1555 1169 1604 plenum
1189 1563 1351 1604 positae,
1370 1570 1460 1592 mox
1481 1559 1711 1597 conabantur

105 1620 218 1659 exire,
251 1624 288 1648 et
314 1613 361 1648 ad
388 1612 710 1662 perpendiculares
736 1612 956 1661 glabrosque
982 1618 1072 1647 vasis
1101 1618 1256 1660 parietes
1283 1614 1579 1662 adscendebant,
1609 1627 1646 1653 et
1671 1624 1710 1654 in

103 1683 247 1706 summo
276 1669 392 1704 limbo
430 1669 689 1717 quiescebant,
719 1668 1033 1704 submaxillarium
1064 1669 1316 1704 musculorum
1347 1682 1451 1706 motu
1483 1679 1708 1720 respirantes.

101 1729 247 1763 Positae
267 1725 353 1760 dein
367 1731 406 1759 in
424 1738 506 1760 vase
525 1725 676 1774 oblique
691 1725 815 1761 locato
835 1731 895 1760 vix
913 1737 1075 1773 unquam
1094 1730 1192 1772 prior
1206 1725 1353 1773 glabra,
1374 1739 1565 1775 nunquam
1584 1741 1708 1766 autem

101 1783 217 1819 altera
237 1788 379 1817 cristata
394 1788 432 1816 in
451 1795 546 1830 aqua
564 1795 601 1817 se
623 1787 826 1828 continuit,
845 1781 908 1816 sed
922 1787 960 1816 in
983 1786 1120 1829 cespite
1138 1781 1250 1830 paulo
1271 1788 1457 1830 superiore
1476 1784 1624 1822 declivis
1643 1800 1708 1835 pa-

102 1845 200 1876 rietis
219 1838 305 1874 loco
328 1844 448 1887 posito
473 1850 511 1874 se
528 1838 771 1875 abscondidit.

174 1956 409 1991 Lacertarum
421 1959 671 2003 aquaticarum
685 1954 804 1991 larvae
818 1953 981 2003 pulchris
997 1953 1179 1988 branchiis
1194 1954 1380 2002 praeditae
1399 1964 1528 1992 natant
1547 1961 1585 1992 in
1599 1971 1702 2006 aqua.

102 2015 177 2049 Eae
196 2012 394 2047 branchiae
416 2022 566 2058 ternae,
594 2011 756 2057 solutae,
788 2017 984 2046 exteriores
1013 2016 1146 2044 sensim
1176 2010 1399 2047 decrescunt.
1426 2013 1540 2047 Pedes
1570 2021 1704 2051 sensim

103 2070 313 2118 producunt
337 2069 469 2116 digitos
488 2081 565 2103 non
587 2073 769 2104 constanti
791 2068 926 2111 m0d0;
945 2079 1030 2102 nam
1053 2066 1144 2101 alios
1167 2068 1278 2115 pedes
1293 2074 1464 2115 muticos,
1479 2070 1568 2104 alios
1585 2072 1703 2118 digitis

103 2124 289 2173 pluribus,
308 2125 560 2173 paucioribus,
581 2124 799 2171 majoribus,
817 2123 1019 2158 minoribus
1043 2129 1237 2159 instructos
1261 2125 1350 2160 vidi:
1375 2131 1442 2159 nisi
1462 2125 1553 2159 sorte
1572 2132 1595 2160 ii
1620 2140 1700 2163 mu-

103 2181 198 2220 tilati
216 2180 358 2218 fuerint.
386 2181 608 2232 Quanquam
627 2186 667 2218 in
687 2186 804 2230 parvis
823 2185 959 2228 stagnis
977 2179 1184 2228 purioribus
1202 2186 1241 2216 in
1261 2181 1392 2230 quibus
1405 2180 1485 2217 illas
1506 2181 1701 2231 observavi,

1330 2237 1366 2271 K
1384 2235 1410 2271 k
