2054 2748
288 151 366 195 106
628 151 1110 190 OBSERVATIONES
1153 150 1525 181 zoonochr..

283 254 388 284 tertia
407 252 528 282 antice
546 250 678 292 magis,
698 248 836 292 postice
860 245 990 274 minus.
1017 239 1138 273 Prima
1157 242 1195 271 in
1217 241 1381 283 margine
1399 240 1600 283 posteriore
1619 231 1780 270 maculas
1795 234 1882 270 duas

284 305 385 340 albas
403 303 511 339 habet
527 331 535 347 ‚
558 301 714 336 secunda
735 310 803 334 tres
815 326 823 342 ‚
844 302 966 340 tertia,
988 305 1114 343 quarta
1133 304 1168 329 et
1187 298 1314 341 quinta
1334 292 1490 327 totidem
1504 301 1545 327 ut
1560 301 1684 327 tamen
1703 298 1741 326 in
1757 296 1885 340 quinta

283 361 428 397 macula
454 364 614 394 anterior
642 358 714 402 jam
738 364 952 389 evanescere
981 356 1142 399 incipiat.
1169 353 1211 385 In
1238 359 1339 385 sexta
1363 349 1457 384 duae
1478 350 1552 395 jam
1570 349 1820 391 confluente53
1846 354 1885 382 in

285 423 437 466 septima
456 426 490 451 et
510 411 742 462 sequentibus
755 422 826 444 una
837 437 846 455 ‚
860 414 992 444 sensim
1006 407 1202 443 debiliores
1216 412 1304 442 etin
1320 405 1457 441 ultimis
1471 415 1738 442 evanescentes.
1753 404 1887 439 Subtus

286 473 416 508 fasciae
437 477 597 520 quinque
620 467 740 501 fuscae
753 494 762 511 ,
781 478 934 514 quarum
953 464 1082 499 ultima
1101 469 1140 498 in
1160 470 1239 512 ipso
1259 469 1362 512 apice
1381 467 1547 510 remigis,
1571 467 1675 497 tertia
1690 461 1738 496 ad.
1756 467 1885 496 sinum.

286 532 334 566 Et
353 536 402 565 sic
426 535 462 562 in
480 524 638 561 secunda
651 551 659 567 ,
682 528 802 568 tertia,
824 531 950 571 quarta
971 527 1127 568 remige3
1150 527 1189 556 in
1211 526 1339 569 quinta
1359 531 1473 567 usque
1492 519 1539 553 ad
1558 530 1697 554 nonam
1720 527 1791 553 tres
1805 527 1887 553 tan-

286 597 376 623 tum.
404 586 499 618 Tum
520 586 652 616 sensim
671 589 913 623 evanescunt,
934 588 969 613 et
991 588 1197 626 postremae
1215 583 1293 612 sine
1311 575 1463 611 maculis
1484 575 1785 610 fusco-cinereae.

366 642 555 676 Tectm'ces
586 643 787 686 superiores
809 636 1008 671 uniformes
1030 634 1151 669 fuscae
1167 662 1176 679 ‚
1198 633 1361 682 apicibus
1376 632 1522 667 illarum
1543 643 1636 679 quae
1654 637 1693 665 in
1712 631 1812 666 disco
1828 638 1890 665 aut

286 699 408 735 medio
433 702 542 731 totius
565 694 645 729 alae
665 699 875 742 posterioris
898 701 1001 735 sunt,
1023 697 1126 739 apice
1148 690 1331 725 subluteis.
1357 690 1543 723 Tectrices
1557 686 1744 721 inferiores
1763 686 1891 721 colore

287 760 439 797 ventris,
481 757 639 786 extimae
666 760 792 785 tamen
825 755 897 785 sive
924 746 1119 795 remigibus
1146 752 1336 795 propiores
1363 745 1548 792 longiores
1579 743 1891 778 fusco-cinereae.

289 810 479 846 Subalares
498 818 617 842 rectae
629 835 637 851 ‚
662 816 819 855 quatuor
837 815 899 840 aut
922 810 1093 852 quinque.

360 868 554 901 Reccrtces
586 864 702 898 fasciis
728 862 840 898 tribus
868 861 1105 910 apicibusque
1130 858 1280 904 albidis,
1312 857 1414 892 fusco
1444 855 1570 891 colore
1597 861 1635 890 in
1666 860 1824 900 extima,
1856 866 1893 891 et

288 930 391 973 apice
411 921 536 956 albido
557 926 595 954 in
608 920 737 954 mediis
753 925 866 966 magis
886 916 1196 952 evanescentibus.

367 980 557 1013 Teccrtces
577 975 715 1010 caudae
742 980 943 1022 superiores
971 979 1096 1021 apice,
1123 972 1311 1007 inferiores
1333 979 1433 1004 totae
1453 967 1613 1016 pallidae
1631 967 1732 1003 rufae
1754 978 1817 1004 aut
1839 973 1892 1004 vi-

290 1046 434 1073 naceae.

363 1089 518 1126 Alulae
541 1094 681 1137 spuriae
702 1086 882 1135 pollicum
907 1094 1085 1133 quatuor,
1108 1082 1288 1118 linearum
1311 1079 1477 1116 totidem.
1504 1082 1706 1128 Longiores
1725 1080 1816 1115 mihi
1841 1084 1894 1116 vi-

291 1149 439 1192 dentur,
458 1158 569 1194 quam
589 1150 627 1179 in
645 1143 723 1179 ullo
744 1143 817 1178 alio
839 1142 996 1177 falcone.

363 1207 405 1242 In
424 1202 537 1236 farcto
559 1211 595 1235 et
615 1200 662 1234 ad
678 1205 779 1234 vivae
793 1204 866 1234 avis
886 1203 1042 1245 speciem
1058 1200 1263 1244 composito
1279 1199 1400 1243 apices
1419 1192 1560 1229 alamm
1574 1192 1620 1228 ab
1635 1198 1739 1242 apice
1758 1192 1897 1228 caudae

289 1257 553 1308 sesquipollice
572 1258 718 1290 distant.
936 1251 939 1253 ’

365 1316 496 1350 Masne
514 1312 622 1346 fuerit
641 1324 688 1346 an
708 1310 844 1345 femina
865 1314 1047 1357 inquirere
1064 1306 1220 1355 neglexi.

364 1371 483 1404 Totus
502 1368 647 1402 habitus
667 1366 817 1414 gracilis.
841 1368 970 1411 Capite
985 1376 1095 1410 parvo
1109 1389 1118 1406 ,
1132 1373 1286 1407 corpore
1308 1361 1453 1406 gracili,
1471 1361 1715 1407 longiusculo,
1739 1360 1898 1396 Pedibus

294 1426 385 1462 altis.

369 1478 627 1526 Magnitudine
646 1477 806 1522 majore,
829 1473 955 1509 colore
973 1483 1009 1508 et
1023 1479 1110 1508 vitta
1127 1478 1308 1521 exceptis,
1322 1471 1421 1507 idem
1442 1483 1519 1508 esse
1540 1471 1684 1509 videtur
1702 1484 1786 1508 curn
1810 1472 1898 1519 illo,

297 1536 553 1587 (praecedenti
565 1534 594 1582 ,)
617 1545 727 1583 quem
745 1544 812 1581 pro
829 1543 1008 1579 pygargo
1032 1529 1163 1564 habeo.

360 1703 463 1738 Alius
475 1702 592 1749 falco
604 1711 805 1749 pygargus
818 1698 834 1732 ?
847 1702 868 1732 i.
883 1709 911 1732 e.
926 1697 988 1732 La
1001 1696 1179 1731 Soubuse
1193 1695 1352 1731 Bufsonii
1365 1722 1373 1741 ‚
1387 1706 1514 1730 mense
1528 1693 1788 1729 Thermidorio
1806 1693 1851 1728 A.
1867 1693 1898 1731 5,

300 1761 355 1809 (d.
371 1773 426 1807 27.
447 1761 538 1807 Aug.
560 1757 676 1805 1797.)
705 1770 726 1791 a
749 1754 902 1801 Collega
926 1753 1083 1788 Lauthio
1111 1753 1224 1788 datus.

375 1816 544 1852 Volczcus
565 1813 789 1862 amplitudo
808 1812 945 1860 pedum
958 1816 1067 1845 trium
1078 1837 1088 1855 ‚
1103 1809 1283 1858 pollicum
1303 1817 1469 1856 quatuor.
1496 1807 1724 1855 Longicudo
1737 1807 1784 1842 ab
1797 1813 1901 1856 apice

299 1879 405 1910 rostri
424 1873 470 1907 ad
491 1883 672 1907 extremos
693 1882 832 1917 ungues
852 1868 954 1916 pedis
974 1872 1080 1901 unius
1095 1894 1103 1910 ‚
1125 1865 1306 1913 pollicum
1329 1865 1507 1908 duorum3
1527 1864 1575 1898 ad
1596 1873 1797 1899 extremam
1817 1876 1903 1899 cau-

301 1932 386 1966 dam
406 1929 506 1978 pedis
525 1935 648 1972 unius,
664 1927 845 1976 pollicum
864 1930 1036 1973 quinque.
1063 1922 1273 1970 Longitudo
1292 1935 1312 1956 a
1332 1927 1476 1956 narium
1493 1919 1630 1967 angulo
1651 1925 1832 1955 anteriore
1854 1919 1902 1955 ad

302 1993 445 2035 apicem
474 1992 578 2021 rostri
610 1984 790 2033 pollicum
820 1996 893 2018 sex,
929 1978 1140 2027 Longitudo
1174 1984 1258 2014 tarsi
1289 1978 1470 2026 pollicum
1499 1976 1657 2012 duorum
1682 2005 1691 2023 ‚
1722 1976 1902 2011 linearum

302 2050 473 2092 quinque.

380 2101 528 2136 Venter
554 2098 782 2133 uniformiter
811 2096 933 2141 rufus,
959 2095 1118 2129 dorsum
1148 2092 1298 2127 fuscum.
1332 2092 1428 2127 Cera
1458 2092 1557 2127 flava.
1599 2091 1728 2126 Nares
1747 2088 1903 2137 patulae.

305 2159 487 2192 Rostrum
515 2161 681 2203 nigrum,
710 2154 899 2191 denticulo
935 2164 1079 2201 prorsus
1105 2149 1222 2187 nullo.
1259 2149 1377 2184 Setae
1409 2154 1579 2197 copiosae
1610 2146 1824 2194 subpatulae
1857 2145 1904 2181 ad

304 2212 408 2250 basin
434 2217 547 2249 rostri.
