2054 2748
299 147 381 192 258
669 155 1120 189 onsmszTIONEs
1153 156 1521 186 ZOOLOGICAE.

568 240 953 286 LACERTA
997 239 1277 305 AGILIS
1324 238 1635 283 GRISEA.

372 343 442 376 Ao.
467 340 564 388 1793.
584 340 619 375 d.
636 352 689 385 27.
706 338 803 386 Sept.
824 337 1107 387 (Ao.11.Re1p.)
1131 348 1233 386 capta
1251 337 1298 372 ad
1317 321 1456 373 vallum
1469 337 1578 373 urbis,
1605 339 1741 384 Capitis
1756 347 1908 384 squama

298 405 410 448 apicis
428 411 511 433 una.
540 398 653 432 Seriei
671 400 854 443 sequentis
870 394 964 430 (luae
980 423 988 440 ‚
1002 400 1041 429 in
1060 394 1191 443 quibus
1210 407 1312 429 nares
1324 409 1332 438 3
1346 394 1415 429 hae
1430 394 1571 429 nasales
1586 399 1708 429 vocari
1722 403 1908 441 poterunt.

298 459 447 492 Tertiae
473 459 576 489 seriei
602 462 695 498 tres,
720 451 932 487 lateralibus
951 457 1077 501 parvis.
1106 452 1267 498 Quartae
1289 461 1465 500 quatuor,
1496 450 1567 486 hae
1592 459 1698 484 erunt
1723 449 1908 484 frontales.

300 514 472 563 Sequitur
489 523 561 545 una
580 509 745 558 oblonga
764 510 1032 558 sexangularis,
1053 515 1191 544 circum
1212 521 1323 558 quam
1347 518 1505 558 quatuor
1518 508 1612 543 aliae
1630 512 1790 555 positae,
1818 518 1909 554 qua-

299 584 379 607 rum
399 571 492 605 duae
512 567 681 602 laterales
701 566 844 602 bifidae.
872 569 971 602 [nter
996 566 1084 601 duas
1103 572 1323 614 posteriores
1345 575 1381 600 et
1401 565 1579 600 canthum
1608 564 1708 599 oculi
1729 569 1910 612 posterio-

299 641 377 664 rem
395 637 545 674 squama
568 630 719 672 exigua:
743 623 815 659 hae
834 622 1024 659 verticales
1043 623 1116 658 dici
1135 633 1296 671 possunt.
1324 624 1495 669 Quatuor
1516 622 1668 657 tandem
1686 619 1911 669 occipitales,

301 686 394 721 duae
413 681 653 718 intermediae
678 686 861 716 anteriore
889 679 1101 728 triangulari
1130 680 1207 715 basi
1226 686 1348 716 antice
1373 686 1439 715 sita
1463 678 1600 724 trifida,
1620 683 1822 727 posteriore
1845 682 1912 711 mi-

300 748 422 784 nima;
449 740 543 774 duae
567 738 738 774 laterales
761 750 927 786 magnae.
955 739 1035 772 Hae
1057 749 1231 785 squamae
1254 749 1382 772 omnes
1406 742 1551 785 punctis
1576 741 1685 783 nigris
1709 735 1912 782 adspersae.

300 801 431 846 Margo
452 802 615 845 superior
639 796 840 831 orbitarum
867 800 957 831 serie
979 807 1214 843 squamarum
1242 794 1404 842 duplici3
1431 805 1584 842 squama
1609 804 1716 840 supra
1736 790 1913 825 canthum

299 861 522 891 anteriorem
542 853 726 901 oblonga,
751 855 902 899 majori,
923 853 1127 900 superjecta
1151 851 1223 886 alia
1246 856 1390 885 minore
1415 856 1510 885 inter
1531 849 1633 883 illam
1658 858 1695 883 et
1716 846 1915 882 [rontalem

299 918 543 962 posteriorem
568 921 680 958 atque
708 910 919 946 verticalem
945 915 1180 945 anteriorem.
1213 908 1426 955 Sequuntur
1450 916 1648 941 retrorsum
1671 910 1711 939 in
1729 908 1916 952 superiore

302 969 430 1003 ordine
450 967 666 1014 squamulae
685 967 897 1013 granulatae
913 976 1021 1009 octo;
1041 972 1080 1000 in
1094 965 1266 1000 inferiore
1285 964 1416 999 ordine
1433 969 1595 1010 quinque
1612 962 1810 1008 longiores.
1832 958 1917 995 Pal-

299 1025 433 1073 pebrae
450 1023 615 1070 plurimis
634 1027 881 1056 minutissimis
897 1020 1099 1069 squamulis
1118 1021 1269 1055 obsitae.

374 1080 505 1124 Margo
525 1077 699 1110 maxillae
714 1082 908 1123 superioris
925 1086 1007 1122 post
1027 1076 1131 1108 illam
1145 1081 1258 1122 apicis
1278 1087 1447 1122 squamas
1465 1074 1578 1108 habet
1596 1086 1680 1118 sex,
1696 1083 1767 1109 tres
1779 1079 1917 1122 priores

302 1134 516 1185 quadrataS,
536 1132 726 1180 aequales,
746 1141 913 1179 quartam
932 1131 999 1165 sub
1019 1130 1130 1165 oculo
1154 1130 1372 1178 longiorem.
1399 1133 1499 1165 Inter
1518 1130 1647 1165 oculos
1670 1140 1706 1165 et
1725 1142 1828 1176 aures
1851 1131 1917 1166 sub

303 1190 489 1240 occipitali
509 1202 683 1238 squamae
703 1199 882 1237 quatuor,
902 1187 1043 1223 duabus
1058 1188 1188 1223 mediis
1208 1188 1456 1235 longioribus3
1479 1186 1571 1222 infra
1589 1192 1750 1234 priorem
1766 1186 1918 1235 longam

301 1263 376 1286 una
394 1249 513 1295 major
532 1246 745 1282 orbicularis
758 1275 767 1291 ,
790 1256 887 1281 retro
909 1246 1013 1280 illam
1027 1258 1091 1281 sex
1109 1255 1294 1294 septemve
1314 1250 1474 1279 minores
1488 1249 1527 1278 in
1545 1243 1754 1278 orbiculum
1769 1249 1918 1292 positae.

376 1317 419 1350 In
438 1312 590 1349 maxilla
613 1312 785 1347 inferiore
804 1322 888 1360 post
911 1311 1014 1346 illam
1043 1316 1155 1359 apicis
1183 1324 1246 1346 sex
1271 1309 1511 1358 marginales,
1535 1319 1719 1358 postrema
1739 1309 1917 1356 longiore.

304 1372 381 1407 Sub
400 1371 455 1405 his
478 1376 642 1417 quinque
661 1369 754 1403 aliae
772 1371 929 1414 majores
942 1395 950 1411 ,
970 1367 1330 1414 subtrapeziformes,
1360 1373 1496 1401 sensim
1516 1368 1673 1411 majores
1686 1395 1694 1411 ,
1718 1377 1843 1414 quarta
1863 1379 1918 1401 re-

305 1429 414 1476 liquis
433 1428 581 1472 majore.
609 1425 730 1460 Gulae
755 1423 972 1471 squamulae
991 1422 1112 1470 plures
1136 1422 1321 1470 elliptieae
1346 1423 1525 1457 diametro
1549 1424 1688 1468 majore
1707 1429 1743 1458 in
1763 1422 1919 1470 longum

305 1494 497 1534 porrecto,
518 1486 710 1530 postremis
729 1479 942 1515 lateralibus
965 1484 1099 1513 sensim
1120 1478 1232 1526 paulo
1252 1478 1474 1525 majoribus,
1497 1491 1570 1512 una
1593 1484 1632 1512 in
1650 1491 1822 1527 squamae
1842 1492 1918 1514 ma-

306 1541 442 1577 xillaris
465 1549 672 1587 postremae
695 1543 815 1572 sinum
841 1541 1009 1570 immissa.

380 1604 537 1640 Collaris
556 1603 678 1651 aIIqua
699 1608 838 1650 species
861 1601 988 1636 subtus
1009 1600 1055 1635 ab
1080 1613 1153 1635 una
1175 1612 1261 1635 aure
1284 1599 1331 1635 ad
1353 1599 1506 1634 alteram
1530 1599 1659 1644 ducta,
1684 1600 1851 1644 linearis,
1874 1613 1920 1635 ex

306 1662 419 1699 tribus
436 1660 624 1696 ordinibus
645 1665 971 1694 minutissimarum
994 1670 1229 1706 squamarum
1255 1663 1470 1705 composita.
1497 1657 1596 1690 Tum
1618 1662 1719 1703 regio
1745 1666 1827 1704 post
1845 1656 1919 1691 hoe

308 1719 446 1755 collare
464 1731 509 1752 ex
534 1717 710 1752 tredecim
731 1716 921 1751 ordinibus
939 1727 1174 1764 squamarum
1193 1727 1386 1763 parvarum
1405 1713 1686 1758 orbicularium3
1707 1723 1789 1761 post
1810 1726 1921 1762 quam

308 1783 415 1813 series
434 1787 668 1824 squamarum
692 1775 876 1820 majorum
898 1786 1033 1808 novem
1052 1772 1391 1821 subquadratarum.
1419 1773 1508 1806 Post
1529 1770 1625 1805 hanc
1646 1783 1763 1805 rursus
1783 1771 1922 1806 collare

308 1835 416 1870 latius
437 1838 571 1881 priori,
601 1831 954 1880 depressinsculum,
978 1843 1024 1865 ex
1046 1840 1132 1865 octo
1160 1828 1319 1864 seriebus
1341 1841 1576 1877 squamarum
1597 1833 1921 1863 minutissimarum

310 1890 583 1940 granulatarum
606 1895 867 1938 eom-positum.

383 1950 466 1983 Jam
481 1952 588 1981 series
603 1959 837 1995 squamarum
851 1946 1033 1992 majorum
1045 1943 1091 1978 ab
1106 1949 1305 1978 insertione
1321 1943 1424 1992 pedis
1442 1949 1548 1978 unius
1563 1943 1609 1978 ad
1628 1942 1785 1978 alterum
1800 1942 1921 1988 ducta,

311 2018 357 2039 ex
376 2016 438 2039 sex
450 2010 609 2052 squamis
625 2004 776 2052 oblique
795 2009 832 2038 in
846 2003 1002 2050 longum
1021 2001 1137 2036 ductis
1151 2010 1322 2035 constans
1343 2007 1381 2034 in
1393 2011 1551 2049 utroque
1567 1999 1700 2043 latere,
1722 1999 1834 2034 tribus
1854 2005 1922 2033 mi-

311 2061 460 2096 noribus
489 2061 652 2095 medium
681 2060 959 2109 occupantibus.
996 2061 1080 2094 Jam
1107 2063 1259 2092 veniunt
1286 2063 1392 2092 series
1420 2057 1599 2092 ventrales
1619 2061 1743 2103 viginti
1765 2066 1921 2103 septem,

312 2131 467 2167 quarum
483 2117 667 2166 quaelibet
683 2129 827 2154 constat
843 2131 888 2152 ex
902 2122 1062 2165 squamis
1078 2120 1284 2150 transversis
1299 2127 1362 2148 sex
1375 2114 1813 2162 subparallelogrammis,
1829 2126 1922 2161 qnae

314 2189 443 2210 omnes
464 2182 501 2209 111
521 2175 644 2210 medio
672 2186 797 2210 ventre
816 2174 979 2223 aequalis
1009 2173 1081 2209 fere
1099 2183 1183 2208 sunt
1203 2171 1425 2215 latitudinis,
1455 2171 1517 2205 sed
1538 2177 1622 2219 quia
1645 2180 1772 2206 venter
1796 2176 1833 2204 in
1856 2183 1921 2204 an-

314 2238 446 2267 teriore
461 2242 496 2267 et
516 2238 717 2281 posteriore
734 2242 835 2279 parte
851 2241 1076 2279 angustatur,
1090 2230 1183 2265 dnae
1195 2241 1367 2278 squamae
1383 2228 1524 2263 mediae
1541 2238 1573 2263 et
1589 2241 1739 2276 squama
1759 2238 1921 2263 extrema
