2054 2748
914 153 1129 184 AVEs.
1750 146 1826 203 187

299 242 413 275 Tarsi
434 238 666 286 longitudine
691 237 836 286 pollicis
859 242 975 272 unius.
1003 239 1166 286 Digitus
1191 237 1332 273 medius
1360 243 1466 272 unius
1494 239 1663 286 pollicis;
1694 242 1825 290 digitus

221 291 392 332 externus
409 296 587 330 linearum
606 308 762 340 novem3
783 294 915 342 digitus
936 300 1098 329 internus
1119 295 1299 330 linearum
1322 305 1430 340 oct03
1449 302 1580 344 postici
1606 296 1823 336 biarticulati

219 355 401 390 linearum
420 359 539 388 trium.
1232 360 1234 362 ’

291 411 433 446 Eadem
460 416 613 445 nomine
639 408 909 451 Diokloecleel,
936 408 1010 443 fine
1030 408 1185 456 Augusti
1212 420 1308 457 ¹79¹·
1328 408 1440 444 allata
1464 419 1500 445 et
1521 419 1627 458 capta
1653 410 1824 461 Schiltig-

217 467 329 503 hemii
344 479 459 515 prope
474 468 760 515 Argentoratum
780 465 916 500 retibus
934 478 1020 500 cum
1039 464 1242 500 minoribus
1257 466 1416 501 aviculis.

290 527 331 560 In
350 524 572 559 collectione
586 528 707 558 avium
723 532 935 558 conservata
956 529 1108 557 nomine
1124 522 1356 569 Scolopczcis
1375 522 1522 559 dubiae
1534 551 1547 566 ‚
1565 536 1629 559 seu
1651 525 1825 573 Trc'tzgcze

215 582 334 616 Briss.
360 587 437 616 sIne
466 579 578 615 dubio
606 580 699 615 alter
727 592 853 626 sexus,
882 579 979 615 illius
1011 592 1120 628 quein
1145 579 1315 628 possideo
1343 585 1495 615 nomine
1521 581 1752 629 Scolopacz's
1776 583 1825 618 lc·-

216 647 383 672 caracae.

290 697 382 728 Eam
408 693 507 742 apud
532 705 591 727 me
609 698 720 729 visam
743 695 946 729 Maerterus
968 693 1268 729 Vindobonensis
1293 699 1507 730 asseveravit
1530 707 1606 730 esse
1632 696 1825 744 Trlngam

214 751 484 798 Hypoleucon.
505 750 579 786 Sed
593 750 731 786 dubito.
756 752 840 798 Quo
862 757 981 786 minus
1000 752 1047 786 acl
1067 752 1244 799 Tringam
1263 751 1501 800 hypoleucon
1523 752 1655 787 referre
1676 760 1823 801 possim,

214 808 387 856 impedit:

291 880 317 899 1.
347 863 462 899 Color
475 870 686 909 tectricum,
708 870 821 912 quiin
841 877 923 900 mea
943 877 1020 899 non
1040 864 1248 913 respondet.

287 934 318 955 2.
345 922 530 968 Remiges,
559 933 651 969 quae
680 920 785 955 nullo
811 922 925 956 modo
951 927 1194 967 conveniunt,
1228 934 1343 969 quum
1365 923 1567 956 Brissonius
1592 922 1679 957 inde
1703 936 1724 959 a
1747 923 1825 960 basi

212 977 312 1012 albas
331 977 447 1021 dicat,
475 988 509 1012 et
530 986 654 1011 tamen
674 977 910 1011 solummodo
931 978 1075 1012 macula
1097 983 1142 1012 sit
1161 983 1199 1011 in
1219 978 1352 1012 medio.
1378 979 1547 1025 Remiges
1568 985 1677 1013 etiam
1691 992 1822 1016 secun-

212 1034 328 1069 dat-ias
349 1039 509 1081 exceptis
531 1043 689 1082 quatuor
702 1032 859 1079 ultimis,
877 1033 979 1069 albas
998 1046 1074 1069 esse
1092 1034 1198 1079 dicit,
1222 1034 1366 1070 macula
1387 1034 1484 1069 fusca
1506 1041 1544 1069 in
1563 1040 1676 1083 apice.

288 1090 318 1125 5.
345 1091 528 1125 Linnaeus
552 1096 591 1124 in
613 1091 739 1124 Fauna
758 1090 910 1126 Suecica
935 1096 1116 1139 remigum
1140 1104 1252 1126 unam
1276 1091 1515 1126 solummodo
1545 1093 1823 1129 immaculatam

211 1148 314 1192 facit,
339 1159 453 1195 quum
476 1147 536 1181 hic
558 1145 652 1182 duae
670 1152 751 1182 sint.

283 1210 314 1245 4.
341 1205 526 1238 Rectrices
545 1216 623 1237 non
645 1202 756 1251 plane
785 1208 1030 1247 conveniunt,
1055 1213 1092 1238 et
1116 1204 1214 1252 apud
1239 1206 1444 1238 Linnaeum
1477 1217 1599 1252 neque
1628 1218 1711 1239 cum
1739 1218 1821 1241 mea

210 1273 331 1309 neque
345 1273 430 1295 cum
443 1262 683 1295 Brissoniana.
703 1262 887 1293 Linnaeus
902 1265 940 1293 in
955 1259 1045 1304 Syst.
1061 1261 1144 1294 Nat.
1170 1259 1258 1294 dicit
1277 1259 1398 1295 nullas
1416 1260 1616 1295 maculatas
1635 1273 1721 1296 esse.

282 1319 313 1353 5.
342 1318 458 1352 Tacet
478 1327 514 1352 et
536 1319 717 1351 Linnaeus
736 1325 772 1350 et
789 1318 989 1350 Brissonius
1010 1316 1055 1350 de
1075 1315 1221 1351 macula
1240 1327 1303 1352 aut
1324 1322 1445 1351 taenia
1469 1317 1552 1352 alba
1576 1328 1662 1353 ante
1681 1317 1819 1353 oculos.

616 1432 657 1473 T
675 1432 718 1473 R
735 1432 755 1472 I
772 1430 817 1473 N
836 1430 880 1473 G
898 1430 941 1472 A
991 1429 1222 1487 (Pugnax.
1266 1430 1400 1487 fem.)

283 1543 352 1577 Ao.
380 1542 479 1588 1789.
495 1540 528 1576 d.
545 1541 600 1576 28.
616 1539 788 1575 Octobris
809 1550 913 1588 capta
930 1550 966 1575 et
986 1552 1112 1574 museo
1133 1539 1245 1576 illata.
1260 1541 1508 1589 Magnitudo
1524 1547 1662 1590 tringae
1681 1556 1819 1591 pugna-

208 1606 267 1635 cis.
291 1598 520 1645 Longiczcdo
541 1597 738 1646 pendentis
757 1597 804 1632 ab
822 1603 926 1645 apice
946 1602 1051 1631 rostri
1066 1596 1113 1632 ad
1131 1603 1275 1645 apicem
1289 1598 1392 1646 digiti
1408 1598 1519 1634 medii
1536 1598 1716 1647 pollicum
1728 1613 1817 1649 qua-

208 1657 422 1693 tuordecim.
452 1654 663 1702 Longitudo
687 1654 733 1689 ab
757 1660 860 1702 apice
889 1659 995 1689 rostri
1022 1653 1070 1688 ad
1093 1659 1236 1702 apicem
1270 1655 1407 1691 caudae
1437 1656 1609 1691 undecim
1637 1656 1819 1705 pollicum

208 1726 292 1749 cum
305 1712 469 1748 dimidio.
486 1711 658 1746 Latitudo
674 1717 748 1745 avis
763 1723 946 1758 expensae
960 1710 1139 1758 pollicum
1153 1716 1281 1759 viginti
1301 1711 1469 1747 duorum.
1485 1714 1697 1760 Longitudo
1713 1720 1817 1750 rostri

206 1776 311 1806 unius
329 1768 475 1818 pollicis
494 1780 579 1802 cum
597 1767 811 1816 quadrante.

280 1829 467 1862 Rostrum
489 1831 642 1873 nigrum.
679 1824 827 1859 Oculus
848 1833 945 1859 totus
967 1829 1081 1871 niger.
1099 1824 1226 1859 Pedes
1249 1824 1742 1873 pallide-olivacco-cinerei.

281 1883 391 1919 Gula
406 1893 442 1918 et
455 1892 598 1917 venter
611 1887 751 1930 postice
766 1894 850 1916 cum
864 1880 1071 1916 tectricibus
1085 1887 1281 1917 recti-icum
1299 1881 1531 1919 inferioribus
1545 1884 1692 1919 sordIde
1706 1884 1813 1928 albis;

207 1941 349 1977 collum
363 1950 398 1975 et
414 1950 540 1988 pectus
555 1939 682 1974 colore
697 1938 930 1974 subvinaceo.

284 1999 428 2033 Vercex
444 1996 563 2031 fuscus
576 2025 584 2041 ,
601 1996 746 2031 lineolis
764 2001 882 2043 nigris.
904 1995 1070 2030 Pennae
1090 1994 1188 2030 dorsi
1203 2001 1519 2043 nigrae,margine
1532 1997 1812 2032 cinereo-fusca

206 2056 385 2102 Uropygii
400 2060 577 2097 minores,
595 2053 806 2102 pallidiores
820 2081 828 2097 ,
857 2057 971 2100 magis
987 2058 1174 2098 cinereae,
1198 2058 1360 2101 margine
1378 2053 1514 2089 albido.

279 2112 465 2159 Remz'ges
486 2117 623 2159 priores
646 2111 784 2146 decem.
808 2112 918 2145 Duae
942 2116 1079 2158 primae
1095 2109 1258 2156 ejusdem
1277 2109 1518 2158 longitudinis
1533 2139 1541 2155 ,
1562 2115 1662 2145 tertia
1683 2122 1811 2157 parum

207 2167 372 2214 longior,
397 2174 522 2203 ceteris
542 2174 677 2203 sensim
701 2167 1004 2203 decrescentibus.
1028 2166 1187 2202 Rhachis
1206 2173 1344 2215 primae
1364 2173 1486 2211 nivea3
1515 2165 1674 2201 secunda
1696 2179 1810 2215 usque

207 2223 253 2259 ad
268 2229 434 2271 quintam
453 2223 679 2270 tumescunt,
698 2232 737 2260 in
753 2223 991 2273 sequentibus
1007 2223 1146 2260 candor
1159 2224 1262 2260 redit.
1283 2226 1451 2272 Remiges
1466 2223 1701 2259 secundariae
1722 2236 1810 2273 qua·

1438 2282 1467 2315 Z
1493 2293 1516 2315 2
