2054 2748
249 104 328 151 116
629 113 1099 148 OBSERVATIONES
1145 114 1502 146 ZOOLOGICAR

694 198 958 245 FALCO
1011 197 1404 245 CYANEUS

318 296 440 343 Quem
461 295 652 331 Bellonius
679 295 828 331 Oiseazc
848 294 903 330 Sc.
919 293 1077 330 Marcia
1091 303 1198 330 vocat
1213 321 1222 339 ,
1251 304 1408 339 cyaneus
1428 294 1509 331 Lin.
1537 305 1615 330 non
1641 303 1704 330 est.
1731 295 1774 330 In
1793 306 1858 330 sex

245 366 266 389 a
281 365 340 388 me
359 359 440 389 visis
458 363 494 389 et
510 353 622 389 tribus
642 358 731 386 meis
751 351 1013 400 speciminibus
1040 364 1142 387 arcus
1162 351 1226 386 ille
1245 350 1487 400 superciliaris
1512 351 1617 387 albus
1636 352 1762 400 gulam
1782 358 1860 387 cin-

242 423 352 458 gens,
385 415 576 446 caracteris
597 411 817 453 Linnaeani,
845 408 946 457 quod
967 421 1013 443 ex
1032 409 1218 445 Edwardii
1237 414 1347 444 icone
1369 409 1579 444 desumtum
1593 437 1602 455 ,
1630 422 1709 444 non
1732 409 1857 445 adfuit.

243 468 317 503 Sed
336 474 373 503 in
395 482 471 503 uno
498 478 665 501 meorum
692 476 802 514 caput
821 471 909 501 vitta
933 473 1035 515 quasi
1057 466 1181 516 aliqua
1200 476 1262 502 aut
1291 472 1448 515 capistro
1475 472 1626 515 strigum
1649 479 1752 501 more
1782 471 1860 502 cin-

241 531 355 573 gitur,
376 524 477 573 quod
497 529 534 558 in
552 521 711 557 Tabula
731 532 868 558 nostra
879 524 1151 571 Affinicaczcm
1167 524 1429 559 Animaliam
1446 538 1484 572 p.
1505 532 1580 571 ¹74·
1601 529 1736 559 notavi.
1756 523 1860 559 Idem

242 594 328 617 suae
348 580 505 617 chalcidi
530 578 656 615 tribuit
675 580 884 615 Bellom'us
911 582 954 616 L.
984 582 1039 616 II.
1069 581 1161 629 Cap.
1196 582 1251 629 37.
1280 581 1342 616 Ad
1365 580 1664 617 articulationem
1685 580 1860 616 maxillae

240 638 419 674 inferioris
442 636 546 671 locus
572 641 704 684 pennis
727 637 955 683 denudatus,
983 643 1146 686 crispatis
1178 644 1309 687 pennis
1333 638 1579 674 circumdatus
1604 649 1641 674 et
1667 638 1861 684 flexuosis,

241 696 373 744 quibus
394 694 467 729 fere
486 706 528 729 ea
553 704 697 730 textura
714 704 768 730 est
793 707 887 743 quae
913 700 1045 743 pennis
1069 700 1221 743 strigum
1249 702 1445 744 capistrum
1469 695 1721 731 formantibus.
1746 697 1858 730 Retro

241 765 326 788 eum
340 752 466 788 locum
487 756 629 786 aurium
651 761 820 800 apertura
844 752 989 800 aequali
1011 751 1084 787 fere
1104 765 1188 788 cum
1209 765 1254 787 eo
1279 753 1467 788 denudato
1483 753 1569 789 loco
1592 752 1751 798 ambitu,
1774 757 1860 787 sim-

240 809 328 857 plici
343 820 550 858 pennarum
569 814 658 843 serie
683 808 729 843 ab
754 821 798 843 eo
825 809 936 845 divisa
950 837 959 855 ,
981 819 1017 845 et
1036 810 1229 844 artificiose
1248 815 1297 844 ita
1315 820 1518 855 exstructa,
1540 820 1580 845 ut
1598 819 1739 844 meatus
1757 809 1860 844 audi-

239 872 324 900 torii
344 878 471 913 margo
493 872 673 913 posterior
693 872 859 901 eminens
875 879 997 901 osseus
1019 872 1057 901 in
1080 867 1203 901 medio
1222 865 1409 901 foraminis
1432 879 1453 902 a
1468 876 1551 901 cute
1570 866 1718 901 formati
1738 865 1859 900 collo-

239 933 343 958 cetur
358 951 367 969 ,
391 933 427 958 et
450 933 590 958 meatus
616 923 802 971 oblongus
822 934 1018 972 appareat,
1036 923 1101 958 sed
1124 929 1153 958 si
1171 936 1317 972 pennae
1338 929 1530 960 anterioris
1552 928 1725 972 marginis
1751 922 1860 959 adve-

241 979 396 1026 hantur,
420 990 508 1014 tunc
524 991 602 1015 tota
623 990 794 1028 apertura
809 981 991 1015 auditoria
1014 979 1229 1014 orbicularis
1248 980 1321 1016 fiat.

313 1038 354 1071 In
369 1036 443 1071 alio
458 1042 649 1085 sequentia
666 1035 853 1071 observavi
869 1049 875 1069 z

311 1094 542 1141 Longicudo
560 1093 742 1142 pollicum
755 1093 1031 1142 septemdecim.
1051 1094 1215 1141 Expansi
1229 1093 1437 1141 amplitudo
1456 1092 1595 1142 pedum
1613 1099 1733 1129 trium.
1748 1093 1859 1136 Cera,

239 1150 415 1198 palp÷·bra
433 1180 441 1196 ,
468 1157 526 1186 iris
539 1180 547 1196 ,
577 1151 688 1199 pedes
708 1150 822 1194 lutei3
850 1150 996 1193 (rubros
1022 1150 1152 1185 oculos
1172 1156 1207 1185 in
1229 1151 1328 1199 pelle
1353 1165 1374 1186 a
1393 1150 1501 1186 fratre
1518 1157 1626 1185 missa
1647 1150 1775 1196 fuisse,
1794 1150 1860 1186 ille

238 1210 460 1250 notaverat.)
497 1208 643 1254 Corpus
671 1213 869 1241 cinereum.
895 1207 1006 1241 Alae
1035 1206 1162 1241 subtus
1185 1207 1302 1242 albae.
1330 1208 1517 1254 Remiges
1539 1217 1697 1255 quatuor
1721 1213 1859 1255 priores

236 1268 384 1310 nigrae,
404 1269 516 1298 etiam
531 1263 656 1298 subtus
677 1275 792 1311 usque
811 1262 858 1297 ad
878 1273 1046 1311 quartam
1069 1274 1211 1311 partem
1231 1276 1251 1298 a
1270 1263 1366 1308 basi,
1386 1263 1450 1298 ubi
1472 1263 1689 1299 maculatae.
1717 1265 1858 1310 Quinta

237 1319 312 1354 fere
333 1330 476 1355 tantum
496 1326 534 1355 in
558 1326 722 1368 margine
745 1326 911 1355 tenuiore
929 1325 1048 1367 nigra,
1069 1326 1109 1354 in
1128 1319 1260 1355 latiore
1273 1326 1437 1368 margine
1457 1331 1601 1357 tantum
1624 1327 1663 1356 in
1687 1327 1792 1369 apice
1810 1321 1859 1357 ad

239 1386 407 1424 quartam
431 1386 582 1424 partem.
605 1377 784 1423 Reliquae
809 1382 944 1409 sensim
967 1375 1214 1408 decrescendo
1242 1381 1281 1408 in
1308 1381 1413 1422 apice
1439 1386 1476 1409 et
1497 1382 1662 1423 margine
1691 1383 1861 1412 tenuiore

238 1438 481 1480 nigricantes,
515 1438 682 1478 margine
708 1431 839 1465 latiore.
866 1430 995 1475 albae,
1021 1429 1416 1465 attenuato-fasciatae.
1450 1432 1643 1467 Tecti-[ces
1670 1432 1858 1469 inferiores

238 1489 356 1525 albae.
385 1492 488 1525 Pone
504 1488 680 1524 humeros
698 1487 842 1537 aliquot
856 1500 1000 1536 pennae
1014 1487 1240 1535 ferrugineae
1261 1493 1391 1536 pictae.
1419 1488 1668 1537 Uropygizcm
1688 1496 1857 1526 crissum-

239 1560 312 1596 que
328 1546 422 1582 alba.

311 1605 508 1639 Rrecrices
536 1604 735 1640 duodecim
762 1603 935 1652 aequales
956 1633 964 1649 ,
1007 1603 1100 1638 duae
1129 1608 1320 1639 interiores
1349 1608 1538 1650 cinereae,
1578 1604 1856 1651 immaculatae,

238 1660 402 1710 reliquae
422 1675 467 1696 ex
491 1668 639 1697 cinereo
658 1667 790 1696 sensim
811 1667 848 1696 in
872 1660 1084 1696 albedinem
1101 1671 1306 1708 vergentes,
1335 1667 1530 1710 praecipue
1556 1667 1595 1697 in
1621 1667 1786 1710 margine
1804 1662 1858 1699 la·

239 1726 354 1765 tiore,
383 1719 498 1754 fasciis
520 1724 751 1764 transversis,
783 1718 1002 1764 dimidiatis,
1029 1724 1200 1763 remotis,
1219 1724 1313 1753 atris.

311 1778 402 1813 Duo
423 1782 623 1825 specimina
650 1782 745 1812 circa
773 1776 1063 1824 Argentoratum
1086 1775 1156 1811 Ao.
1184 1789 1218 1823 7.
1246 1774 1391 1822 (1798.)
1416 1785 1596 1811 autumno
1625 1781 1760 1811 mensis
1781 1775 1856 1812 fere

241 1841 357 1884 spatio
381 1845 485 1883 capta
502 1863 510 1879 ,
536 1833 722 1869 simillima
748 1833 1003 1881 magnitudine
1026 1843 1062 1868 et
1089 1832 1239 1878 colore,
1269 1832 1334 1868 sed
1357 1843 1486 1868 neutro
1513 1832 1577 1868 illa
1603 1832 1711 1868 facies
1736 1839 1855 1881 strigis

242 1902 395 1940 caputve
410 1891 586 1940 amplum.
614 1892 853 1926 Aceuratiore
866 1896 1033 1926 instituto
1048 1894 1220 1924 examine
1241 1890 1348 1926 video
1363 1890 1427 1926 has
1446 1890 1533 1926 duas
1552 1895 1770 1937 posteriores
1789 1891 1854 1926 de-

240 1950 328 1985 bere
349 1961 423 1984 esse
444 1949 597 1984 feminas
609 1978 618 1994 ,
645 1961 730 1984 nam
746 1954 875 1997 utique
895 1957 979 1982 sunt
993 1946 1140 1981 altiores
1159 1952 1228 1983 isto
1244 1959 1329 1983 meo
1344 1953 1513 1997 capitato.
1540 1946 1690 1984 Habent
1705 1961 1855 1997 quoque

238 2005 425 2043 maculam
439 2006 672 2055 occipitalem
693 2008 870 2053 majorem
883 2034 891 2050 ,
911 2004 1188 2040 distinctiorem.

313 2095 463 2129 Nomen
488 2093 671 2142 falconis
691 2093 856 2141 gentilis
883 2105 962 2127 non
985 2091 1130 2140 placet,
1169 2100 1205 2126 et
1227 2090 1429 2139 aliquando
1458 2091 1679 2127 mutandum
1698 2090 1851 2128 videtur.

240 2150 399 2187 Nobilis
424 2161 486 2186 aut
514 2154 756 2198 aucupantis
780 2150 947 2185 substitui
977 2154 1123 2197 poterit.
1153 2148 1302 2185 Scilicet
1331 2162 1471 2185 nomen
1496 2149 1570 2186 hoc
1601 2162 1623 2185 a
1646 2148 1854 2186 falconariis

240 2213 443 2256 imponitur
457 2213 515 2247 avi
528 2208 614 2245 huic
635 2220 729 2257 quae
749 2218 850 2244 certo
865 2217 1033 2255 tempore
1052 2216 1159 2255 capta
1176 2215 1238 2242 est.
