2054 2748
300 123 384 167 250
651 127 1138 163 OBSERVATIONES
1182 127 1556 159 ZOOLOGICAE.

372 221 540 268 Uterque
560 217 681 253 adhuc
699 217 814 253 adfuit
829 216 862 250 d.
888 223 937 256 ¹4.
952 213 1181 249 Novembris.
1207 214 1249 247 In
1265 222 1430 247 mentem
1449 219 1564 258 venit,
1584 213 1677 248 adeo
1693 215 1911 253 macilentos

300 277 394 313 sorte
413 290 455 312 ac
471 276 663 312 excolores
678 288 772 318 esse,
792 272 895 321 quod
907 277 944 306 in
960 277 1056 308 sicca
1070 275 1178 306 nimis
1196 280 1289 305 terra
1304 269 1507 306 haererent.
1526 271 1666 306 Adfudi
1681 285 1815 320 aquam
1830 281 1913 309 satis

300 341 510 383 copiosam,
534 344 570 369 et
592 331 767 382 postridie
795 336 937 377 torosi,
961 329 1184 379 pinguiculi,
1210 327 1433 376 nitidulique
1458 327 1628 375 fuerunt,
1661 329 1778 365 oculis
1805 329 1914 367 valde

299 391 528 441 prominulis.

373 450 424 485 D.
445 450 603 485 18.Nov.
623 445 718 481 alter
741 457 871 480 eorum
897 457 934 480 se
963 443 1126 489 defodit,
1149 443 1265 479 altero
1286 442 1526 479 solummodo
1548 442 1643 480 fossa
1664 449 1703 479 in
1725 444 1915 493 superficie

300 507 548 543 incumbente.
578 503 652 538 Sed
676 503 710 538 d.
733 517 787 539 20.
803 509 913 538 etiam
936 502 995 537 hic
1010 503 1078 537 sub
1097 512 1232 537 terram
1249 513 1287 536 se
1308 507 1457 550 recepit.

373 564 423 599 D.
450 578 475 597 ι.
497 562 588 608 Maji
614 560 712 608 1796.
735 560 802 608 (A.
822 559 874 607 5.)
902 565 1073 608 emergit,
1100 565 1138 594 in
1164 558 1268 594 fauce
1295 571 1473 595 cavernae
1496 571 1581 594 suae
1599 558 1744 604 haeret;
1764 559 1916 595 tandem

301 626 433 668 exiguo
454 618 547 654 saltu
564 618 690 664 exilit,
711 631 751 653 os
770 617 976 667 faciemque
996 616 1092 665 pede
1111 615 1343 664 aliquantum
1362 615 1540 664 detergit,
1563 622 1709 651 oniscos
1723 627 1810 652 ante
1826 629 1916 653 ocu-

300 677 356 714 los
376 677 618 712 discurrentes
639 688 717 710 non
732 685 843 711 curat.
872 677 1000 711 Motus
1021 673 1085 708 ille
1106 673 1212 721 gulae
1236 673 1334 708 celer
1352 683 1390 709 et
1409 686 1575 722 magnus.
1603 673 1718 709 Color
1740 675 1917 709 obscurus

300 745 340 771 ut
358 735 455 770 hanc
476 740 639 784 speciem
663 746 739 769 esse
762 739 823 769 vix
841 738 1065 781 agnoverim.
1094 730 1241 777 Objicio
1271 736 1425 767 oniscos.
1463 730 1537 766 Sed
1564 736 1769 779 impransus
1797 744 1917 767 rursus

300 791 547 827 absconditur.
576 791 730 827 Miratus
750 803 826 826 non
856 789 1014 839 amplius
1038 799 1237 837 apparere,
1266 800 1388 836 neque
1417 793 1527 823 etiarn
1549 798 1665 822 noctu
1687 793 1833 824 oniscos
1856 802 1921 825 au-

300 849 403 894 ferri,
424 848 583 883 amolior
598 858 751 893 terram,
772 853 910 883 visurus
929 859 1026 881 anne
1047 846 1141 881 forte
1160 855 1326 880 mortuus
1346 855 1459 891 esset,
1478 855 1519 880 ut
1541 850 1578 879 in
1599 844 1678 880 aliis
1699 857 1918 893 repereram.

300 906 374 942 Sed
396 906 491 941 bene
510 905 695 941 valentem
723 911 852 953 reperi.
888 906 1024 939 Rursus
1045 908 1174 952 operui
1198 912 1292 938 terra
1306 931 1315 947 ,
1339 911 1376 938 et
1397 908 1436 937 in
1456 902 1629 937 adamato
1651 912 1756 939 :intro
1777 902 1918 952 reliqui.

303 963 376 997 Sed
398 963 575 1010 postridie
597 963 644 996 ad
668 973 785 996 terrae
807 961 1037 1008 superficiem
1059 965 1247 1008 apparuit:
1275 959 1409 995 oblatis
1427 969 1553 995 autem
1577 964 1709 994 oniscis
1730 971 1819 994 mox
1844 973 1921 995 rur-

301 1033 359 1055 sus
379 1032 416 1054 se
434 1018 668 1053 abscondidit
685 1023 899 1065 impransus.

374 1075 447 1109 Sed
469 1074 503 1108 d.
534 1088 583 1107 11.
611 1075 712 1107 Junii
734 1072 801 1105 sub
829 1077 948 1104 noctis
973 1077 1178 1115 ingressum
1200 1077 1377 1116 apparuit.
1413 1069 1595 1104 Postridie
1624 1069 1754 1104 decem
1777 1077 1921 1109 circiter

302 1136 449 1166 oniscos
469 1128 600 1175 objeci.
627 1128 716 1163 Post
738 1126 930 1161 meridiem
951 1135 988 1160 et
1011 1123 1098 1159 bufo
1120 1134 1155 1159 et
1176 1130 1292 1159 onisci
1313 1137 1392 1159 non
1416 1125 1574 1174 amplius
1592 1125 1799 1163 adfuerunt.

376 1187 425 1222 D.
455 1186 510 1221 25.
534 1187 618 1220 Jun.
643 1188 812 1232 apparuit
841 1188 925 1218 satis
949 1192 1072 1217 tersuS.
1105 1181 1252 1216 Decem
1280 1187 1422 1218 circiter
1443 1188 1589 1219 oniscos
1617 1182 1758 1230 objeci,
1789 1185 1922 1234 quibus

303 1244 478 1281 absumtis
498 1255 535 1277 se
555 1241 801 1277 abscondidit.

377 1302 451 1337 Die
473 1314 503 1336 2.
524 1299 612 1336 Julii
632 1305 670 1333 in
691 1297 832 1333 orificio
857 1302 953 1333 antri
972 1308 1145 1346 apparet,
1169 1309 1233 1332 ore
1248 1302 1288 1332 in
1305 1297 1498 1347 superficie
1519 1308 1635 1334 terrae
1654 1305 1786 1347 posito.
1814 1300 1922 1337 Abeo

304 1364 512 1407 quaesitum
534 1363 690 1391 oniscos.
718 1357 807 1391 Post
835 1354 909 1390 duo
930 1360 1043 1390 triave
1073 1354 1188 1389 horae
1209 1360 1352 1391 minuta
1372 1355 1505 1401 redeo,
1531 1365 1568 1391 et
1592 1355 1739 1391 nullum
1764 1358 1923 1406 amplius

305 1414 503 1459 bufonem,
530 1412 785 1460 orificiumque
804 1410 972 1445 clausum
990 1416 1144 1458 reperio.

379 1472 479 1506 Toto
499 1469 573 1505 fere
590 1466 798 1518 Septembii
813 1472 1000 1516 apparuit,
1015 1479 1101 1501 cum
1116 1466 1258 1501 duabus
1272 1467 1451 1503 calamitis
1465 1467 1575 1503 simul
1588 1468 1748 1505 inclusis.
1768 1471 1923 1509 Octobri

307 1530 430 1566 denuo
447 1527 631 1572 defossus,
652 1526 717 1562 sed
735 1525 858 1560 medio
882 1535 1010 1559 mense
1031 1535 1107 1558 uno
1126 1523 1186 1559 die
1207 1523 1335 1559 adfuit.

380 1587 430 1622 D.
459 1592 510 1627 14.
530 1584 634 1620 Febr.
664 1584 755 1632 (Ao.
774 1581 830 1630 6.)
862 1590 1015 1630 appfflet
1043 1586 1082 1615 in
1109 1580 1301 1629 superficie
1329 1565 1446 1616 terrae
1470 1581 1558 1616 bufo
1582 1588 1758 1619 terrestris
1778 1594 1814 1620 et
1834 1585 1922 1622 bufo

306 1643 565 1680 scorodosma:
591 1641 652 1676 hic
677 1640 1017 1684 macilentissimas,
1047 1637 1186 1673 ossibus
1213 1637 1440 1673 lumbaiibus
1464 1644 1503 1673 in
1522 1639 1632 1674 dmso
1657 1642 1922 1689 eminentibus,

307 1700 524 1749 languidus,
555 1709 638 1735 cute
660 1704 699 1734 in
723 1697 859 1733 lumbis
886 1705 1088 1745 corrugata.
1122 1696 1264 1730 Neuter
1291 1696 1478 1744 projectos
1507 1701 1653 1731 oniscos
1680 1696 1924 1735 lumbricosve

308 1764 437 1806 tetigit.
464 1757 645 1794 Postridie
661 1767 786 1792 autem
804 1755 1044 1791 scorodosma
1060 1752 1273 1802 pinguicula
1286 1758 1359 1789 visa
1376 1763 1412 1789 et
1425 1752 1542 1788 nitida
1556 1782 1564 1799 ,
1580 1753 1664 1790 licet
1684 1754 1806 1789 cibum
1823 1755 1924 1793 haud

310 1821 456 1864 ceperit.
485 1815 546 1849 Au
565 1826 659 1862 aqua
681 1826 792 1863 quam
811 1813 951 1848 affatim
969 1811 1105 1856 affudi,
1124 1811 1224 1845 hunc
1245 1810 1300 1845 illi
1323 1810 1489 1846 colorem
1512 1811 1644 1847 dedit?
1671 1812 1769 1846 Nam
1786 1824 1851 1860 per
1865 1823 1923 1849 to-

310 1883 386 1909 tam
408 1872 481 1907 fere
496 1871 665 1918 hyemem
684 1882 776 1907 terra
796 1882 877 1906 raro
897 1868 1105 1904 madefacta
1129 1876 1192 1903 est.
1219 1868 1352 1916 Neque
1371 1877 1407 1903 et
1421 1878 1550 1917 postea
1565 1873 1766 1916 tetigerunt
1781 1875 1924 1906 oniscos

310 1929 574 1975 lumbricosve,
598 1929 686 1965 licet
705 1935 743 1965 in
765 1927 956 1977 superficie
977 1926 1159 1961 haeserint
1181 1924 1439 1974 semisepultae
1455 1954 1463 1971 ,
1488 1937 1604 1974 usquc
1623 1931 1662 1959 in
1679 1954 1686 1960 .
1701 1954 1708 1961 .
1723 1954 1729 1961 .
1747 1954 1753 1961 .

382 1987 473 2022 Bufo
497 1987 647 2035 quidem
667 1992 876 2022 semitectus
900 1986 1012 2031 jacuit
1032 1988 1071 2018 in
1099 1982 1289 2031 superficie
1309 1995 1425 2032 usque
1444 1989 1484 2018 in
1505 1995 1561 2019 20.
1577 1982 1681 2018 Febr.
1704 1983 1777 2018 Sed
1800 1997 1924 2019 scoro-

310 2044 440 2080 dosma
462 2049 501 2078 in
529 2054 622 2079 terra
641 2057 678 2078 se
699 2043 861 2088 defodit,
891 2052 929 2077 et
948 2039 1245 2090 perpendiculari
1268 2045 1361 2085 situ,
1388 2040 1462 2076 fere
1488 2045 1731 2088 semisupinus
1750 2040 1866 2076 haesit
1886 2048 1925 2077 in

312 2102 414 2136 fovea
429 2129 437 2145 ,
467 2111 507 2136 ut
531 2111 640 2149 caput
665 2112 701 2136 et
728 2114 809 2150 pars
829 2099 1034 2149 superficiei
1054 2098 1233 2133 inferioris
1255 2103 1296 2132 in
1315 2109 1557 2147 conspectum
1576 2097 1758 2146 prodiret3
1787 2111 1861 2146 quo
1885 2104 1924 2134 in

312 2165 380 2194 situ
402 2168 509 2193 antea
537 2170 726 2206 nunquam
745 2158 943 2193 observavi.
972 2157 1111 2191 Mansit
1130 2161 1180 2190 sic
1211 2167 1326 2203 usque
1349 2161 1387 2189 in
1416 2162 1471 2197 24.
1492 2154 1596 2190 Febr.
1624 2154 1687 2190 ubi
1715 2168 1860 2203 prorsus
1885 2161 1925 2191 in

312 2215 501 2264 superfit-ie
520 2214 657 2261 haesit,
676 2224 802 2250 toroso
818 2221 1033 2262 intenteque
1053 2224 1219 2261 corpore.
1247 2212 1333 2248 Sine
1352 2212 1465 2247 dnbio
1480 2212 1575 2247 bene
1593 2214 1667 2260 jam
1688 2225 1818 2261 pransa
1838 2222 1925 2259 erat,
