2054 2748
726 153 1174 183 AMPHIBIA.
1668 142 1750 185 255

150 241 332 275 Convenit
346 243 457 274 etiam
475 241 634 273 maxime
653 238 696 272 T.
710 238 735 272 Ι.
751 236 842 271 Tab.
857 246 913 284 92.
941 237 997 285 fig.
1015 243 1047 279 [4.
1074 235 1219 272 annulis
1243 233 1382 270 caudae
1396 263 1404 279 ‚
1427 236 1490 271 sed
1507 238 1621 274 cauda
1642 248 1747 273 acuta

147 307 201 332 est
220 308 323 332 secus
345 308 387 330 ac
407 301 446 330 in
465 307 570 340 mea,
591 306 684 343 quae
702 293 750 329 ad
768 298 909 342 apicem
925 294 1098 329 obtusum
1113 305 1227 342 usque
1243 305 1446 341 compressa
1467 304 1527 329 est„

459 397 837 442 LACERTA
882 396 1219 441 CYANEA.
1279 396 1439 440 Nobis.

223 489 363 525 Gauda
382 501 604 537 compressa
616 517 628 531 ,
646 490 835 523 ominata
845 515 857 530 ,
875 494 1049 527 serrata,
1067 498 1225 532 corpore
1245 484 1422 532 longiore
1432 499 1451 526 ,τ
1469 488 1647 533 squamis
1660 501 1749 533 gram

147 547 323 590 nztlczcc's,
349 546 420 582 sub
435 546 538 594 gula
561 545 802 592 majoribus,
825 545 1031 578 muricatis
1042 556 1059 583 ,·
1086 541 1224 588 diglcis
1245 551 1339 576 ante
1368 555 1519 589 ungues
1538 543 1723 578 dilatatis
1741 572 1750 586 5

148 604 285 639 subcus
305 603 552 644 Zamellosis,·
571 614 729 650 corpore
748 612 912 648 cyaneo.

220 660 280 694 Ab
294 664 447 694 incautis
462 671 528 707 pro
543 664 716 694 varietate
730 660 888 705 Iguanae
901 655 1027 691 haberi
1042 664 1171 703 potest.
1192 654 1266 689 Sed
1281 655 1396 690 cauda
1412 661 1565 691 omnino
1582 663 1750 692 carinatav

146 716 282 751 Saccus
296 715 429 764 gularis
447 715 581 751 nullus.
609 715 707 750 Tum
728 715 926 762 digitorum
941 711 1113 748 articulus
1132 717 1289 747 extimus
1305 712 1485 748 dilatatus.

220 772 423 808 Taeniolae
438 772 643 807 nonnullae
657 772 859 807 albicantes
874 776 911 805 in
933 782 1097 818 corpore.

222 829 454 877 (Longitudo
475 835 637 878 corporis
658 827 1009 878 quinquepollicaris
1022 855 1031 873 ,
1055 826 1194 862 caudae
1216 825 1386 875 pedalis.)

342 933 709 976 LACERTA
759 929 1331 976 CRATERONYX.
1390 929 1556 972 Nobis.

221 1013 362 1048 cauda
387 1013 637 1048 vet-millam
649 1040 662 1056 ‚
692 1013 975 1061 longiuscula,
1004 1013 1136 1054 tereti,
1168 1023 1287 1059 supra
1309 1009 1463 1058 duplici
1491 1023 1754 1059 squamarum

144 1083 242 1106 serbe
267 1078 465 1104 cannata.

218 1125 428 1173 Longitudo
453 1124 590 1173 pedum
617 1129 747 1169 trium,
768 1122 950 1172 pollicum
971 1127 1101 1167 trium;
1121 1123 1222 1168 cujus
1246 1121 1487 1169 longitudinis
1509 1132 1579 1158 tres
1598 1124 1756 1171 pollices

146 1183 240 1219 ultra
259 1182 453 1218 dimidium
473 1181 589 1217 cauda
614 1186 794 1216 emetitur.

219 1242 339 1287 Caput
361 1245 543 1286 exiguum.
583 1237 739 1272 Maxilla
767 1236 916 1272 inferior
943 1235 1178 1283 sublongior3
1201 1235 1330 1270 dentes
1357 1241 1477 1284 parvi,
1504 1235 1754 1275 obtusiusculi.

147 1296 298 1332 Collum
320 1295 495 1343 longum,
522 1300 784 1339 constrictum,
811 1299 881 1328 nisi
910 1293 983 1327 hoc
1006 1305 1027 1328 a
1050 1292 1226 1327 farciendi
1252 1292 1366 1328 modo
1393 1292 1611 1340 dependeat.
1640 1296 1755 1331 Frons

145 1354 255 1402 plana
270 1381 278 1397 ,
303 1358 451 1399 occiput
465 1352 686 1399 depressum.
714 1351 896 1398 Squamae
915 1355 1085 1395 exiguae,
1099 1348 1376 1395 suboctogonae
1389 1376 1397 1392 ,
1416 1350 1614 1393 interjectis
1633 1356 1754 1385 mino—1

145 1410 243 1445 ribus
262 1407 552 1455 triangularibus.
580 1408 744 1441 Pectoris
767 1406 1001 1452 hexagonae‚
1025 1409 1160 1439 ventris
1185 1403 1553 1451 parallelogrammae
1568 1433 1577 1449 ,
1597 1407 1755 1442 verticil-

145 1466 250 1501 latim
269 1465 465 1512 dispositae
478 1491 486 1507 ,
501 1468 674 1510 inscripta
687 1474 769 1496 area
786 1461 901 1505 ovali‚
920 1460 1110 1508 superficie
1128 1459 1429 1495 subtuberculosa
1444 1489 1452 1505 ‚
1474 1467 1501 1496 si
1525 1461 1624 1497 lente
1643 1469 1754 1499 vitrea

146 1531 340 1571 spectetur.
370 1522 508 1555 Denuo
532 1524 762 1554 examinatae
780 1528 955 1564 squamae
978 1515 1139 1551 dorsales
1162 1522 1212 1552 ita
1240 1529 1278 1552 se
1300 1516 1391 1551 mihi
1415 1523 1564 1563 sistunt,
1599 1529 1639 1554 ut
1664 1526 1754 1556 cutis

147 1585 185 1614 in
206 1577 384 1613 rhombos
407 1576 519 1611 divisa
534 1581 598 1620 sit,
620 1587 778 1624 quorum
793 1574 916 1608 medio
936 1585 1019 1608 area
1041 1572 1155 1609 ovalis
1174 1573 1361 1620 inhaeret,
1376 1586 1566 1623 squamam
1582 1575 1754 1622 formans,

146 1634 386 1670 assidentibus
405 1638 544 1681 postice
561 1632 730 1681 plurimis
752 1635 1011 1665 minutissimis.

211 1692 451 1725 Transversae
463 1702 591 1723 manus
607 1689 776 1723 distantia
792 1701 813 1722 a
831 1687 905 1722 basi
927 1685 1066 1721 caudae
1082 1691 1211 1735 incipit
1228 1699 1383 1735 superne
1402 1693 1510 1724 series
1521 1701 1755 1737 squamarum

148 1747 370 1782 elevatarum
389 1745 595 1793 duplicata,
615 1743 862 1779 canaliculum
879 1749 981 1792 quasi
1000 1742 1207 1779 essm-mans.

218 1805 339 1851 Digiti
357 1809 395 1837 in
415 1802 569 1851 pedibus
592 1800 833 1836 anterioribus
856 1810 926 1835 tres
949 1800 1156 1836 intermedii
1180 1800 1440 1849 subaequales‚
1465 1808 1623 1837 exterior
1646 1810 1754 1839 etin-

146 1867 259 1897 terior
274 1866 415 1895 remoti.
443 1862 485 1894 ln
503 1858 764 1908 posterioribus
785 1870 806 1892 a
829 1857 993 1892 secundo
1016 1863 1214 1892 introrsum
1229 1857 1275 1892 ad
1294 1868 1464 1906 quartum
1484 1872 1598 1907 usque
1615 1860 1756 1895 decres-

147 1928 245 1952 cunt.
274 1918 441 1951 Extimus
465 1921 745 1961 remotissimus,
766 1925 969 1950 extrorsum
987 1927 1127 1960 versus,
1149 1919 1317 1950 tenerior.
1344 1916 1494 1963 Ungues
1516 1922 1641 1965 magni
1664 1916 1754 1953 vali-

148 1975 293 2009 dissimi.
325 1973 455 2021 (Unde
476 1986 612 2008 nomen
633 1971 878 2021 impositum.)

220 2032 327 2065 Emta
349 2042 395 2064 ex
415 2042 541 2064 museo
562 2031 831 2065 Poissonnierii.

505 2134 886 2177 LACERTA
933 2131 1387 2176 CORDYLUS.

224 2215 462 2251 Calceolarii
481 2217 588 2251 Illas.
614 2231 651 2264 p.
671 2216 753 2253 (556.
780 2215 893 2263 figura
918 2221 948 2250 si
968 2214 1161 2260 cordylum
1190 2228 1312 2252 revera
1336 2220 1449 2257 sistit,
1473 2224 1646 2261 squamae
1669 2225 1753 2252 sunt

1382 2273 1416 2304 H
1438 2270 1463 2304 h
1490 2283 1511 2305 2
