2054 2748
293 128 377 187 506
665 135 1129 169 onssnvAmoN-Es
1174 137 1533 168 ZOOLOGICAE.

365 226 539 259 Rostrum
563 222 757 268 bilobum,
790 222 884 257 lobis
912 227 1055 257 serratis
1083 220 1253 256 dentibus
1280 235 1425 257 novem.
1464 222 1661 258 Denticuli
1690 223 1737 258 ad
1760 223 1903 259 foveam

293 281 476 317 dorsalem
496 286 623 329 viginti
647 291 813 328 quatuor.
840 280 983 314 Primus
1001 278 1122 314 radius
1143 285 1271 327 prioris
1295 285 1431 328 pinnae
1450 279 1602 315 dorsalis
1624 286 1744 316 antice
1763 293 1904 316 sursum

291 345 501 375 tenuissime
527 348 692 373 serratus.

364 399 416 431 Le
432 397 664 443 Grouguon‚
693 406 741 427 en
765 392 942 429 Picardie.
969 393 1029 429 Ab
1049 393 1286 429 Autenfortio
1310 404 1472 443 accepta.

364 504 563 540 Pisciculus
583 501 757 546 uncialis,
782 501 999 539 thoracicus.

364 564 415 597 Os
435 572 605 609 parvum,
624 571 731 606 aegre
750 560 990 607 aperiendum
1006 575 1014 604 3
1035 561 1214 596 denticuli
1232 566 1291 596 vix
1311 564 1511 608 conspicui.

365 619 547 666 Squamae
571 622 609 650 in
630 622 750 664 capite
771 622 903 662 etiam,
927 627 981 652 sat
1007 630 1182 665 magnae,
1208 624 1370 664 margine
1393 626 1539 651 serrato.

363 674 513 710 Macula
540 679 641 721 nigra
670 678 708 707 iu
737 673 915 721 operculo
943 686 1067 722 parVO.
1095 675 1207 709 Retro
1237 674 1338 710 illam
1371 680 1409 708 in
1437 678 1638 721 specimine
1668 677 1812 707 minore
1841 684 1905 707 sex

290 745 463 781 squamae
484 730 658 766 dilatatae
679 740 715 765 et
734 736 771 765 in
790 743 947 765 acumen
970 731 1173 779 productae
1195 730 1342 767 brevem
1356 730 1492 766 lineam
1515 736 1717 765 carinatam
1734 728 1903 764 formant.

291 790 403 836 Quod
424 802 502 823 non
526 794 565 822 in
588 789 737 834 majore.
767 791 939 823 Ceterum
958 787 1025 822 sibi
1045 787 1192 823 similes.

362 846 544 881 Videntur
562 845 609 881 ad
628 851 723 894 spari
743 858 857 894 genus
880 851 1069 894 pertinere.

361 905 421 939 Ex
446 905 691 948 Ramsayanis.

361 999 563 1035 Pisciculus
583 998 800 1035 thoracicus.
828 999 888 1031 An
904 999 1025 1032 Zeus'?

363 1056 534 1090 Palatum
552 1055 774 1088 fornicatum
796 1054 948 1086 videtur.
977 1053 1171 1085 Denticuli
1188 1057 1430 1084 minutissimi.
1457 1051 1571 1083 Frons
1591 1059 1720 1085 retusa.
1746 1050 1798 1084 Os
1822 1050 1906 1086 sub-

291 1119 433 1148 simum.
471 1113 591 1158 Caput
617 1120 794 1156 magnum
819 1105 1074 1149 horridulum3
1107 1118 1239 1154 corpus
1272 1117 1371 1153 pone
1400 1115 1658 1153 angustatum,
1691 1117 1906 1154 argenteum

290 1168 531 1217 alepidotum.
559 1167 725 1201 Dorsum
743 1175 827 1200 aute
847 1163 1009 1198 frontem
1030 1168 1069 1197 in
1087 1168 1233 1197 cristam
1258 1162 1513 1199 sexdentatam
1527 1161 1735 1199 antrorsum
1757 1173 1907 1212 proten-

290 1239 368 1263 sam
391 1226 569 1260 desinens.
597 1224 756 1258 Verruca
777 1228 921 1257 cristata
943 1226 981 1255 in
1002 1219 1196 1268 supercilio
1220 1224 1407 1268 superiori.

363 1285 477 1317 Linea
504 1280 662 1315 litteralis
685 1290 794 1315 recta.
825 1278 951 1314 Gauda
973 1287 1138 1313 cuneata.

362 1342 421 1374 Ex
445 1340 689 1383 Ramsayanis.

362 1430 564 1468 Pisciculus
583 1430 713 1465 habitu
735 1439 772 1463 ct
792 1433 911 1475 capite
933 1427 1051 1475 trigla.

363 1492 466 1525 Loco
493 1494 690 1536 pinnarum
711 1484 931 1521 ventralium
950 1483 1042 1517 radii
1071 1492 1231 1531 quatuor
1252 1481 1366 1516 liberi.
1393 1481 1469 1516 Alii
1492 1481 1597 1530 digiti
1616 1481 1721 1517 nulli.

367 1549 487 1594 Caput
504 1558 525 1579 a
547 1543 665 1578 fronte
684 1548 721 1577 in
738 1553 911 1589 magnam
931 1545 1075 1588 spinam
1097 1544 1243 1586 corpori
1262 1537 1477 1587 applicitam
1501 1544 1672 1586 utrinque
1696 1551 1803 1587 supra
1822 1544 1905 1588 pin-

293 1616 380 1639 nam
400 1600 627 1650 pectoralem
650 1599 894 1648 productum,
918 1607 954 1632 et
978 1596 1025 1631 ad
1047 1595 1161 1630 latera
1179 1600 1275 1629 iuter
1294 1601 1447 1642 pinnam
1469 1594 1695 1643 pectoralem
1715 1606 1750 1629 et
1764 1606 1906 1631 ventra-

292 1661 368 1698 lem
386 1665 425 1694 in
443 1657 600 1694 similem
614 1663 754 1706 spinam
771 1665 978 1690 antrorsum
997 1652 1150 1688 dentato
1163 1673 1178 1678 -
1190 1657 1401 1687 carinatam.

366 1714 589 1764 Squamulae
612 1713 861 1762 triangulares.

367 1776 485 1821 Caput
507 1771 688 1807 obtusum.
717 1774 857 1819 Corpus
879 1767 1128 1817 subquadrato
1143 1763 1404 1814 -pyramidale
1432 1765 1548 1799 Arcus
1568 1762 1807 1811 superciliaris
1822 1777 1907 1812 pro-

294 1837 439 1867 minens
461 1828 666 1864 serrulatus.
694 1828 745 1863 Os
762 1838 922 1876 parvum.
951 1827 1066 1860 Nares
1085 1823 1159 1857 [ere
1174 1823 1305 1858 eadem
1319 1821 1564 1870 amplitudine
1583 1833 1626 1855 ac
1641 1825 1712 1856 oris
1726 1832 1904 1869 apertura.

295 1885 491 1925 Denticuli
510 1891 569 1920 vix
587 1892 624 1920 in
644 1884 814 1919 inferiore
836 1881 987 1918 maxilla
1013 1885 1211 1927 conspicui.

367 1946 425 1980 Ex
448 1944 692 1988 Ramsayanis.
1789 1946 1827 1981 7

1752 1978 1794 2024 lt(
1808 2007 1828 2022 ι)

367 2036 568 2074 Pisciculus
592 2035 702 2083 gobio
725 2034 860 2070 similis.

368 2097 509 2131 Pinnae
538 2092 743 2142 pectorales
769 2091 917 2128 brachio
945 2094 1158 2138 impositae,
1182 2087 1248 2122 sed
1268 2086 1423 2123 breviori
1448 2098 1560 2135 quam
1583 2091 1620 2119 iu
1649 2083 1760 2132 gobio
1788 2084 1906 2120 Koel-

296 2158 430 2189 reuteri
448 2150 554 2186 Pall.

369 2211 509 2245 Pinnae
529 2206 710 2246 venti-aies
726 2205 800 2240 fere
814 2211 905 2240 utin
926 2203 1038 2253 gobio
1059 2200 1349 2247 boddaerti,sed
1369 2200 1466 2236 linea
1487 2209 1677 2248 separante
1698 2204 1818 2235 minus
1833 2199 1905 2235 dis-
