2054 2748
1321 108 1327 121 Ι

277 160 361 219 246
660 164 1129 199 osssssnvArioNEs
1177 164 1534 194 ZOOLOGICAE.

279 259 393 295 dubio
415 256 515 306 quod
541 263 643 290 erant
666 255 814 299 majora.
850 249 973 284 Validi
1002 259 1125 284 motus
1155 254 1192 284 in
1218 258 1342 284 ventre
1366 258 1402 283 et
1431 248 1606 284 lateribus
1638 254 1725 294 visi,
1752 256 1898 298 quoties

280 315 436 364 aliquod
460 320 641 349 insectum
667 317 864 345 voraverat.
898 309 987 343 Post
1006 307 1118 342 horae
1137 312 1296 355 spatium
1316 319 1436 341 rursus
1455 306 1598 342 defossa
1622 306 1814 343 observata
1837 318 1900 345 est.

282 373 426 410 Eodem
445 370 559 406 modo
577 370 609 403 d.
631 369 712 402 5.et
734 380 765 411 7.
788 368 871 401 Jun.

356 431 406 465 D.
422 431 454 465 8.
472 431 556 465 Jun.
572 436 680 459 mane
694 422 809 458 adfuit
823 451 832 468 ,
852 428 985 458 oniscis
1000 429 1145 458 nutrita.
1173 421 1257 457 Vidi
1273 435 1372 457 nuno
1385 449 1394 467 ,
1415 434 1498 457 eam
1517 435 1625 471 saepe
1647 434 1802 471 corpore
1821 432 1902 457 tan-

284 499 363 525 tum
383 495 589 522 antrorsum
620 491 725 517 moto
752 492 789 516 et
817 480 943 516 hiante
972 494 1035 516 ore
1060 480 1233 515 invadere
1252 486 1417 525 insecta,
1443 479 1542 515 haud
1572 481 1736 528 projecta
1766 479 1901 526 lingua.

283 545 402 593 Saepe
422 549 531 577 etiam
556 546 738 574 incassum
767 537 858 573 haec
882 537 980 583 fieri,
1008 537 1186 587 illamque
1206 537 1296 572 nihil
1318 551 1458 586 capere.
1486 539 1576 573 Post
1602 537 1824 585 deglutitum
1844 542 1901 570 in-

282 612 422 637 sectum
444 612 483 633 os
511 596 667 645 pedibus
694 595 936 631 anterioribus
961 609 1036 630 uno
1061 606 1144 644 post
1163 595 1320 631 alterum
1342 607 1530 644 extergere
1550 605 1658 630 amat.
1685 597 1774 630 Post
1792 598 1902 628 meri-

284 660 381 695 diem
402 669 478 691 non
493 654 619 689 adfuit.
646 655 731 689 Visa
751 654 840 689 mihi
857 655 932 702 jam
947 664 1000 689 est
1015 663 1236 689 consuetum
1257 663 1293 689 et
1313 652 1543 689 habitualem
1563 658 1658 688 antri
1677 651 1905 687 subterranei

285 722 423 752 exitum
447 712 595 747 habere.

356 773 406 806 D.
422 783 454 818 ς),
474 771 558 805 Jun.
579 781 690 804 mane
709 773 802 813 visa3
828 773 974 803 oniscos
994 767 1116 816 plures
1143 767 1336 815 deglutivit
1361 780 1496 815 magno
1519 777 1559 802 ut
1576 772 1693 802 visum
1714 771 1904 814 appetitu3

285 829 419 866 eodem
440 840 516 862 sese
537 826 689 862 defodit.
720 827 768 862 D.
791 826 821 861 3.
841 825 914 862 Jul.
930 831 1002 861 visa
1019 836 1054 861 et
1076 833 1108 867 4.
1125 825 1196 860 Jul.
1213 838 1323 860 mane
1344 838 1463 860 rursus
1486 823 1713 859 abscondita.

358 887 407 921 D.
430 898 484 920 2¹1.
500 883 572 919 Jul.
589 897 703 932 quum
723 883 841 919 redux
859 896 904 918 ex
926 888 1056 918 itinere
1075 882 1258 918 helvetico
1281 888 1515 918 siccissimam
1532 891 1666 916 terram
1686 885 1906 929 reperirem,

285 943 435 979 abunde
459 954 552 989 aqua
580 941 735 988 perfudi.
764 943 816 975 Ita
836 940 950 988 paulo
972 951 1054 988 post
1072 940 1120 974 ad
1140 939 1370 988 superficiem
1390 945 1558 984 emersit,
1579 948 1616 974 et
1635 950 1778 973 muscas
1801 937 1907 972 exhi-

284 999 380 1035 bitas
399 1003 537 1033 voravit
578 999 705 1044 Itaque
739 996 788 1030 ob
807 1002 1011 1030 siccitatem
1039 996 1153 1029 modo
1182 997 1325 1030 videtur
1347 996 1414 1030 sub
1436 1006 1530 1029 terra
1550 995 1747 1028 delituisse.
1775 997 1908 1029 Postea

286 1057 360 1092 vidi
380 1060 524 1102 quoties
543 1053 637 1086 bene
656 1063 758 1099 pasta
780 1062 893 1096 esset,
913 1065 995 1086 eam
1014 1052 1265 1098 retrogradam
1283 1064 1321 1086 se
1333 1058 1373 1086 in
1389 1061 1483 1086 terra
1505 1049 1707 1095 defodisse,
1730 1061 1766 1086 et
1780 1063 1908 1097 unum,

287 1112 381 1149 duos
400 1119 464 1144 aut
482 1119 551 1143 tres
570 1107 646 1142 dies
668 1107 865 1142 delituisse.

361 1169 472 1202 Posui
494 1175 622 1214 postea
645 1177 730 1199 cum
757 1177 798 1200 ea
820 1163 888 1199 sub
912 1163 1042 1199 eadem
1062 1176 1241 1212 campana
1261 1175 1389 1198 ranam
1407 1161 1607 1208 bufonem,
1629 1163 1908 1211 semiadultam,

289 1225 499 1261 calamitam
528 1224 709 1268 juniorem
723 1250 732 1267 ,
755 1232 791 1256 et
815 1234 941 1257 ranam
962 1226 1222 1269 temporariam
1243 1222 1437 1267 juniorem.
1473 1220 1636 1266 Quando
1651 1220 1827 1257 ‘calamita
1846 1221 1910 1258 illa

288 1296 325 1320 sc
344 1281 535 1324 movebat,
557 1279 743 1314 observavi
766 1278 942 1313 bufonem
962 1288 1160 1326 utrumque
1182 1283 1220 1312 in
1241 1277 1345 1312 illam
1368 1283 1521 1322 irruere,
1547 1287 1587 1312 ut
1609 1287 1734 1313 tamen
1754 1291 1831 1313 non
1847 1290 1911 1313 vo-

288 1345 456 1377 raverint.
484 1338 610 1384 Quum
642 1347 766 1372 tamen
794 1346 879 1384 post
909 1335 1053 1384 aliquot
1083 1335 1160 1371 dies
1185 1334 1356 1370 calamita
1385 1340 1593 1380 evanuerit,
1618 1341 1782 1384 suspicor
1806 1335 1912 1371 illam

291 1406 457 1434 voratam
483 1406 568 1428 esse.

366 1452 458 1487 Bufo
490 1450 601 1498 longe
630 1449 799 1484 solertius
825 1457 861 1483 et
883 1453 1026 1482 minore
1053 1447 1191 1482 insultu
1215 1452 1352 1481 insecta
1374 1446 1553 1495 ligurivit‚
1578 1457 1619 1483 ut
1642 1454 1745 1496 quasi
1771 1449 1909 1484 fascino

292 1509 595 1550 absorberentur,
619 1516 657 1540 ut
685 1505 773 1539 olim
805 1506 877 1550 jam
906 1504 1114 1548 observavi,
1145 1503 1269 1551 lingua
1294 1509 1467 1538 citissime
1491 1506 1664 1552 projecta.
1693 1505 1909 1554 Aliquando

293 1566 444 1609 accidit,
465 1574 503 1597 ut
527 1574 638 1598 terrae
661 1568 873 1610 portionem
892 1560 1000 1595 simul
1023 1571 1210 1608 carperet,
1236 1567 1289 1595 uti
1306 1561 1578 1609 praecedentes.

367 1624 469 1657 Rana
491 1620 618 1668 agilius
642 1619 736 1653 saltu
757 1619 882 1667 aliquo
905 1617 1028 1653 insiliit
1047 1624 1084 1652 in
1105 1618 1289 1666 praedam.
1317 1618 1530 1653 Jucundum
1551 1628 1627 1654 erat
1645 1619 1767 1654 videre
1782 1647 1791 1664 ‚
1819 1632 1911 1668 quo-

294 1680 409 1717 modo
442 1679 637 1724 abligurito
670 1676 867 1724 phalangio
905 1676 1031 1724 aliquo
1062 1676 1226 1724 opilione
1259 1675 1412 1724 pedibus
1446 1675 1567 1711 adhuc
1595 1676 1912 1724 propendentibus

295 1749 448 1785 uterque
467 1735 553 1769 bulo
577 1734 730 1782 pedibus
751 1747 790 1768 os
811 1743 1038 1780 extergeret,
1059 1742 1094 1767 et
1113 1745 1283 1768 amovere
1306 1733 1419 1782 pedes
1440 1738 1570 1768 insecti
1589 1732 1789 1768 moliretur.

370 1793 461 1829 Rufo
490 1797 626 1827 voravit
657 1790 941 1839 scolopendram
969 1789 1173 1825 forficatam
1197 1801 1233 1826 et
1257 1791 1431 1826 carabum
1458 1796 1662 1835 minorem,
1691 1803 1765 1838 quo
1787 1800 1912 1826 tamen

298 1851 477 1899 deglutiti)
500 1849 606 1897 gulae
625 1849 819 1883 molimina
840 1856 875 1882 in
893 1847 1030 1882 bufone
1051 1846 1254 1890 observavi,
1272 1854 1373 1896 quasi
1387 1848 1433 1883 ab
1449 1853 1650 1883 acrimonia
1669 1852 1799 1882 insecti
1814 1847 1912 1883 male

297 1909 459 1945 haberet.
488 1909 673 1941 Limacem
704 1912 876 1953 exiguum
907 1905 1112 1953 projectum
1147 1917 1223 1938 non
1252 1911 1380 1953 tetigit.
1419 1907 1565 1940 Muscas
1593 1914 1740 1939 tenaces
1769 1904 1914 1953 aliquot

300 1966 427 2011 objeci.
449 1966 535 1999 Non
553 1964 665 1998 modo
688 1963 849 2011 neglexit
872 1961 982 2005 bufo,
1003 1961 1066 1996 sed
1087 1972 1123 1995 et
1138 1968 1479 2011 appropinquantes
1497 1961 1651 2010 pedibus
1670 1961 1914 1998 anterioribus

300 2027 476 2065 removit,
502 2031 537 2055 et
557 2020 783 2056 calciirando
809 2024 909 2069 quasi
930 2018 1082 2067 pepulit.

376 2081 465 2114 Fine
486 2079 637 2126 Augusti
659 2078 791 2112 diutius
816 2077 943 2122 latuit,
969 2087 1003 2111 ut
1024 2089 1088 2124 per
1108 2074 1298 2110 octiduum
1319 2088 1397 2111 non
1416 2081 1454 2110 in
1475 2085 1715 2124 conspectum
1738 2075 1912 2123 prodiret.

301 2138 351 2174 D.
371 2150 422 2183 τις).
439 2138 530 2183 Aug.
558 2148 601 2170 ex
618 2134 772 2169 latibulo
794 2135 937 2169 rediens
956 2132 1211 2181 magnitudine
1232 2142 1358 2177 aucta,
1384 2142 1420 2167 et
1442 2132 1566 2180 glabra
1586 2138 1699 2179 magis
1719 2138 1914 2181 iiitcnsque

302 2200 395 2237 visa,
421 2194 507 2227 lieet
539 2191 723 2226 coloribus
757 2191 855 2226 haud
888 2191 1186 2226 distinctioribus.
1224 2190 1321 2224 Tum
1345 2202 1464 2224 rursus
1492 2189 1638 2225 delituit
1660 2190 1707 2224 ad
1738 2205 1787 2226 11.
1813 2190 1911 2238 Sept.

302 2263 440 2299 usque,
472 2262 546 2299 quo
573 2249 631 2286 die
659 2255 793 2289 iterum
824 2251 942 2297 major
969 2248 1060 2285 mihi
1086 2254 1180 2293 visa3
1210 2257 1247 2284 et
1270 2260 1369 2283 nunc
1396 2253 1558 2283 maxime
1584 2252 1741 2296 ineptius
1771 2259 1914 2283 muscas
