2054 2748
690 151 1140 183 AMPH1131A.
1630 138 1710 197 237

333 235 717 281 COLUBER
751 231 1291 278 NIGERRIMUS.
1331 233 1490 277 Nobis.

183 315 252 357 334
277 327 343 347 ’Ξ
374 316 438 349 ι80
465 321 511 351 —l—
541 314 616 355 154.

181 373 414 406 LONGITUDO
436 379 594 418 quatuor
612 368 750 417 pedum
770 378 806 403 et
828 365 1207 416 quadrantis.⁴Referri
1225 365 1502 414 quodammodo
1519 379 1639 415 posset
1659 370 1707 405 ad

112 428 147 462 C.
162 427 397 474 filiformem
415 428 503 462 Lm.
526 432 628 474 niger
648 436 717 471 est,
737 424 799 460 sed
817 438 895 459 non
913 423 1036 459 subtus
1056 424 1181 470 albus,
1196 428 1316 472 potius
1333 429 1556 471 nigerrimus.
1578 427 1706 473 Margo

109 496 342 532 squamarum
366 483 565 518 dorsalium
591 482 716 523 albus3
743 492 778 517 et
808 494 855 516 ne
880 480 953 515 hoc
976 481 1136 528 quidem.
1172 480 1318 515 Albedo
1348 485 1468 528 potius
1491 490 1635 515 tantum
1655 492 1707 517 est

109 546 148 575 in
168 546 389 585 interstitiis,
415 545 454 574 in
480 546 556 588 ipsa
582 550 665 575 cute
686 539 842 575 diductis
867 543 1036 586 squamis„
1063 538 1370 584 Angustissimum
1396 537 1516 573 dicere
1540 549 1707 585 nequeo,

111 596 283 644 (crassior
304 607 357 632 est
376 596 490 643 digito
507 595 535 642 ,)
560 596 625 631 sed
650 605 727 631 toto
747 605 799 630 est
819 594 946 629 habitu
969 603 1004 629 et
1022 599 1263 642 proportione
1285 598 1401 628 iconis
1421 592 1707 639 Catesbaeanae,

111 653 253 700 (Carol.
282 663 304 688 t.
330 652 427 697 54),
452 658 566 699 magis
589 663 712 687 tamen
743 657 845 699 niger
872 663 982 699 quam
1008 656 1093 696 ista,
1116 663 1210 699 quae
1229 656 1349 699 potius
1377 660 1430 686 est
1454 650 1562 685 [usca.
1589 652 1708 698 Caput

109 715 219 744 etiam
233 714 323 744 utin
338 715 416 744 istc.
444 711 534 743 Icon
549 714 587 743 in
601 709 759 756 Enoscl.
780 708 950 744 meclzocl.
968 721 1021 756 sp.
1041 719 1099 755 92.
1114 716 1139 742 c.
1160 720 1216 755 27.
1224 709 1260 754 s.
1276 707 1332 744 56.
1347 713 1473 757 utique
1493 719 1571 742 non
1584 719 1708 743 meum

109 771 288 814 exprimit.
315 766 422 800 Meus
442 764 556 812 longe
573 767 710 811 major,
729 771 922 814 minusque
941 763 1093 812 gracilis.

476 851 857 896 COLUBER
901 851 1348 895 CINEREUS'?

182 928 283 963 Mun
311 927 380 975 369
404 941 471 962 Ξ
497 941 566 977 219
590 937 638 968 —4-
667 929 741 965 150.
768 929 887 965 Modo
909 935 955 965 sit
977 928 1086 964 idem.

440 1015 755 1056 ANGUIS
810 1013 1389 1057 LUMBRICALIS.

180 1094 318 1126 CAunA
335 1091 464 1126 obtusa
481 1098 600 1139 capite
621 1102 750 1139 quater
763 1098 923 1126 crassior.
948 1092 1052 1125 Anus
1073 1095 1241 1138 proxime
1257 1096 1522 1127 extremitatem
1536 1099 1708 1141 corporis.

108 1147 224 1183 Color
243 1152 364 1194 potius
379 1146 498 1182 luteus
512 1174 521 1192 ,
543 1146 681 1195 absque
704 1147 840 1182 albido.

180 1202 277 1238 Mihi
303 1202 364 1238 hic
391 1215 538 1252 serpens
563 1216 609 1238 ex
633 1203 872 1252 dispositione
896 1215 1129 1251 squamarum
1149 1203 1333 1252 peculiare
1351 1216 1465 1251 genus
1489 1211 1709 1243 constituere

108 1260 243 1296 debere
261 1259 410 1295 videtur.
438 1262 535 1295 Nam
551 1272 724 1308 squamae
738 1273 815 1295 non
829 1260 1039 1295 alternatim
1061 1260 1272 1296 imbricatae
1290 1271 1328 1296 ut
1347 1267 1385 1295 in
1404 1261 1499 1307 aliis,
1523 1263 1587 1297 sed
1600 1269 1708 1299 seria-

108 1323 193 1362 tim,
213 1327 253 1352 ut
268 1316 454 1352 distinctas
469 1316 582 1352 lineas
600 1316 757 1353 referant
776 1322 850 1352 sive
867 1322 975 1352 series
993 1329 1086 1365 quae
1099 1323 1282 1352 numerari
1304 1317 1409 1353 facile
1431 1324 1589 1367 possint,
1607 1333 1709 1356 secus

108 1387 151 1408 ac
172 1378 209 1407 in
228 1373 317 1408 aliis.
345 1373 461 1408 Series
481 1379 519 1407 in
539 1373 647 1408 dorso
666 1385 801 1409 novem
814 1401 822 1417 ,
841 1378 879 1407 in
901 1373 1100 1408 abdomine
1122 1374 1335 1422 pallidiore,
1351 1374 1462 1419 flav0,
1486 1375 1643 1422 lineato,
1660 1377 1708 1412 ob

108 1441 276 1477 squamas
302 1429 349 1464 ad
368 1435 570 1477 marginem
593 1429 706 1477 paulo
729 1434 985 1474 saturatiores,
1013 1429 1143 1464 decem
1163 1430 1220 1465 vel
1243 1431 1434 1477 undecim,
1463 1437 1492 1467 si
1519 1432 1612 1468 bene
1637 1447 1707 1469 nu-

107 1498 210 1521 mero
232 1491 327 1521 intra
350 1491 494 1521 vitrum.
526 1485 685 1520 Accedit
699 1485 815 1519 cauda
834 1485 1059 1531 brevissima,
1082 1486 1220 1522 obtusa.

527 1571 838 1615 ANGUIS
885 1572 1283 1616 FRAGILIS.

181 1649 381 1693 Toapms,
400 1652 515 1692 iners,
537 1656 574 1682 et
594 1647 695 1682 lenta
714 1648 804 1682 mihi
823 1654 917 1693 visa,
940 1654 1051 1683 etiam
1069 1649 1213 1694 adulta,
1237 1660 1277 1684 ut
1296 1663 1316 1684 a
1335 1652 1466 1695 juvene
1488 1657 1627 1687 natrice
1650 1659 1709 1689 cui

108 1712 169 1742 vix
183 1704 334 1739 dimidia
356 1703 453 1738 illius
477 1704 692 1750 longitudo,
707 1704 865 1739 multum
884 1716 1072 1752 superetur
1086 1705 1256 1752 agilitate.
1283 1708 1385 1741 Haec
1404 1713 1502 1742 enim
1526 1715 1645 1743 natrix
1658 1710 1708 1745 fa-

109 1761 246 1797 cillime
269 1773 315 1794 ex
339 1773 446 1808 capsa
465 1760 694 1808 semipedalis
713 1760 916 1796 altitudinis
936 1767 1057 1807 enisa,
1089 1762 1191 1810 quod
1213 1775 1402 1811 nunquam
1417 1763 1546 1800 molita
1569 1775 1622 1801 est
1644 1779 1709 1802 an-

108 1823 186 1866 guis
205 1816 349 1864 fragilis.

182 1875 251 1908 Ao.
272 1876 371 1920 1780.
390 1872 424 1907 d.
453 1873 502 1908 15.
523 1872 596 1908 Jul.
616 1878 732 1921 reperi
756 1873 800 1908 A.
819 1872 984 1922 fragilem
1007 1886 1090 1909 cum
1113 1874 1311 1909 duodecim
1333 1875 1443 1923 pullis
1470 1881 1509 1911 in
1529 1890 1705 1926 corpore,

110 1943 173 1967 sex
185 1935 224 1964 in
242 1939 398 1976 utroque
419 1929 543 1964 latere.
569 1929 720 1964 Deinde
738 1929 773 1964 d.
790 1942 844 1965 20.
863 1932 956 1978 Aug.
976 1931 1137 1977 ejusdem
1151 1937 1238 1966 anni
1258 1931 1389 1967 allatus
1410 1932 1531 1981 pullus
1552 1935 1707 1983 tripolli-

110 1991 223 2031 caris,
251 1984 543 2033 pulcherrimus,
571 1995 698 2021 ventre
723 1991 940 2033 nigerrime,
973 1987 1080 2022 dorso
1115 1987 1253 2036 pallide
1279 1994 1436 2034 virente,
1465 1991 1586 2026 media
1609 1991 1706 2027 linea

110 2049 223 2091 nigra.
250 2041 374 2076 Allata
393 2042 502 2076 simul
519 2042 768 2090 sexpollicaris
782 2043 945 2089 ejusdem
967 2043 1099 2078 coloris
1120 2056 1194 2092 quo
1218 2045 1478 2092 sesquipedalis
1498 2046 1632 2082 adulta.

183 2101 280 2134 Huic
299 2111 385 2133 sane
405 2111 537 2146 magna
554 2099 724 2148 analogia
747 2112 831 2134 cum
851 2099 992 2134 lacertis
1006 2127 1015 2144 ,
1040 2112 1154 2148 quum
1181 2110 1216 2135 et
1238 2101 1349 2149 pelvis
1365 2100 1498 2136 habeat
1517 2101 1704 2136 rudimen-

112 2166 210 2199 tum,
239 2165 276 2191 et
295 2156 432 2191 caudae
454 2166 574 2205 partes
592 2156 737 2192 evulsae
763 2166 848 2191 octo
873 2155 1056 2190 musculos
1078 2157 1284 2204 cuspidatos
1306 2164 1482 2192 anteriora
1500 2167 1705 2205 spectantes

113 2212 287 2258 offerant,
301 2218 372 2247 suis
390 2225 437 2247 ex
454 2213 605 2250 alveolis
624 2223 798 2250 exeuntes
815 2212 1070 2259 verticillatos,
1091 2223 1131 2250 ut
1148 2219 1187 2249 in
1206 2213 1368 2258 lacertis,
1393 2218 1453 2260 qui
1474 2214 1575 2260 quod
1593 2220 1706 2250 sciam

1351 2270 1394 2304 M
1411 2281 1449 2303 m
1474 2282 1496 2304 2
