2054 2748
269 129 354 188 526
643 124 1131 172 OBSERVATIONES‘
1166 137 1530 168 200L0c1cAE.

269 238 353 263 mae
372 225 426 262 nil
451 230 616 274 argentei
639 225 888 262 ostenderent.
923 225 1089 272 Corpore
1118 227 1312 270 castigat03
1346 226 1461 270 pinna
1490 221 1589 256 dorsi
1616 221 1839 259 ventralibus
1863 236 1884 261 e

271 284 452 320 diametro
472 289 651 332 opposita.
678 284 818 318 Pinnae
839 292 970 315 omnes
990 279 1254 324 rubescebant,
1274 283 1469 327 praecipue
1489 278 1537 314 acl
1558 278 1672 314 basin.

345 341 417 377 Sed
437 351 490 377 est
517 353 640 377 revera
660 343 699 374 C.
726 338 845 385 orfus,
865 338 904 374 id
928 346 1002 384 est,
1021 337 1131 373 ruber
1153 336 1218 372 illc
1242 334 1445 384 Bamberga
1467 335 1601 372 allatus
1625 341 1754 386 piscis,
1773 349 1885 386 quem

269 397 362 435 falso
384 404 524 448 cyprini
536 402 652 434 aurati
670 401 825 431 nomine
846 395 1030 432 aluerunt.

708 494 1122 540 CYPRINUS
1172 493 1445 538 NASUS.

342 592 484 627 MARES
506 594 752 638 generationis
778 598 945 638 tempore
972 595 1011 625 in
1031 596 1152 640 capite
1174 589 1451 638 albo-punctati
1474 598 1631 637 totoque
1651 601 1807 638 corpore
1827 602 1884 626 as-

269 654 346 697 peri
360 648 461 682 fiunt.
490 647 575 683 Una
589 655 700 681 nocte
713 659 807 681 unus
821 652 981 694 piscator
999 647 1226 696 quandoque
1242 647 1315 682 duo
1332 646 1379 681 ad
1393 651 1459 682 tria
1474 645 1590 680 millia
1606 659 1737 695 capere
1752 657 1884 695 potest.

270 707 426 741 Rusticis
447 713 482 739 et
502 703 656 752 plebeiis
676 703 896 752 plerumque
921 714 1049 740 emtus.
1077 704 1172 740 Sunt
1190 710 1286 739 inter
1300 712 1481 739 nostrates
1501 709 1564 752 qui
1584 715 1697 739 verno
1717 713 1887 753 tempore

271 769 348 797 ovis
368 767 541 810 cepisque
561 766 718 797 concisis
733 760 845 797 fartos
861 771 897 796 et
915 774 1024 810 super
1044 760 1219 797 craticula
1232 771 1295 797 aut
1315 766 1355 796 in
1377 760 1525 796 clibano
1540 770 1677 797 assatos
1691 767 1730 796 in
1745 760 1887 797 deliciis

270 819 422 855 habent.

344 875 508 912 Basileae
532 874 699 922 hyberno
724 885 894 925 tempore
921 887 966 911 ex
993 875 1126 911 Rheno
1153 881 1316 912 minores
1339 875 1469 912 fluvios
1494 877 1652 921 Birsam,
1680 876 1890 911 Wiesenam

270 933 437 982 aliosque
457 933 624 968 subeunt.
653 934 715 968 An
735 943 776 968 ut
795 943 925 968 contra
949 932 1082 981 glaciei
1112 939 1277 969 natantia
1305 932 1510 981 fragmenta
1540 937 1693 969 tutiores
1719 937 1811 977 sint,
1840 945 1889 967 an

270 990 375 1038 quod
400 994 678 1036 temperatiores
699 1001 812 1036 aquas
839 998 1021 1036 quaerunt
1036 1016 1045 1033 ,
1076 1003 1125 1024 an
1153 1003 1309 1025 ovorum
1332 990 1596 1036 pariendorum
1628 990 1762 1024 causa‘?
1789 990 1890 1024 Tum

270 1056 416 1095 pertusa
431 1044 549 1090 glacie
559 1044 813 1090 praetenditur
827 1053 904 1076 rete
916 1043 1108 1088 multaque
1119 1044 1237 1076 millia
1247 1057 1268 1076 a
1278 1050 1442 1089 quinque
1453 1042 1693 1089 piscatoribus
1703 1043 1889 1079 Basileen-

270 1103 368 1139 sibus
395 1099 509 1134 illam'
525 1105 748 1147 piscaturam
777 1109 864 1132 cum
892 1102 1022 1132 ceteris
1048 1096 1243 1132 tribulibus
1270 1096 1482 1133 alternatim
1513 1102 1552 1132 in
1582 1096 1747 1145 singulos
1770 1111 1889 1136 annos

271 1155 528 1196 exercentibus
559 1160 774 1205 capiuntur,
799 1160 864 1204 qui
895 1153 1040 1189 lucrum
1071 1166 1156 1189 cum
1186 1160 1400 1203 magistratu
1426 1160 1553 1190 vinum
1579 1167 1790 1204 panemque
1817 1156 1890 1193 illis

270 1218 450 1265 largiente
469 1219 688 1263 partiuntur.
714 1213 854 1248 Rustici
874 1224 921 1247 ex
946 1216 1079 1247 vicinia
1098 1211 1197 1258 jussu
1217 1211 1370 1261 publico
1398 1217 1627 1248 conveniunt
1655 1225 1738 1249 vasa
1767 1212 1891 1262 lignea

270 1274 476 1310 adferentes
500 1276 584 1307 etin
602 1275 735 1307 vivaria
748 1269 795 1305 ad
814 1269 852 1305 id
873 1267 1041 1305 confecta
1056 1274 1172 1318 pisces
1193 1269 1372 1305 deferunt.
1393 1269 1609 1319 Spectatum
1628 1276 1778 1307 veniunt
1797 1276 1893 1309 cives

271 1330 507 1368 Basileenses.
534 1329 656 1364 Pisces
676 1333 745 1376 ipsi
763 1326 993 1363 Eis-Nasen
1012 1336 1200 1363 vocantur.
1229 1329 1313 1363 Hoc
1333 1338 1503 1377 tempore
1522 1333 1749 1364 carnosiores
1775 1339 1812 1364 et
1833 1342 1891 1365 sa-

271 1389 432 1439 pidiores
455 1396 561 1432 sunt,
589 1385 788 1420 deteriores
804 1394 888 1433 post
902 1393 1049 1432 partum
1072 1396 1182 1419 carne
1200 1384 1333 1430 futuri,
1355 1397 1430 1434 quo
1453 1394 1620 1433 tempore
1643 1384 1692 1420 ob
1709 1385 1890 1421 macilen-

272 1452 362 1482 tiam
383 1444 498 1493 duplo
519 1443 602 1492 plus
618 1441 858 1478 ossicularum
871 1439 1006 1475 habere
1025 1439 1208 1475 dicuntur.
1231 1441 1433 1477 Confluunt
1447 1453 1494 1477 ex
1504 1447 1634 1477 vicinia
1646 1470 1655 1487 ,
1667 1441 1891 1491 doliolisque

273 1516 317 1538 ac
350 1502 519 1551 plaustris
543 1498 725 1535 divehunt
757 1497 923 1544 undique
948 1508 991 1530 ac
1018 1495 1234 1532 divendunt.
1287 1497 1431 1533 Multos
1458 1504 1569 1534 etiam
1603 1498 1785 1535 condiunt
1816 1499 1892 1535 sale

275 1566 501 1606 siccantque.
527 1555 671 1592 Retulit
690 1556 804 1589 Henr.
821 1552 979 1589 Oberlin
999 1552 1069 1587 Ao.
1085 1554 1118 1588 8.
1144 1552 1290 1601 (ιὸοο.)

633 1659 1047 1707 CYPRINUS
1091 1660 1549 1705 ALBURNUS.

350 1760 624 1795 Germanorum
646 1758 812 1805 Lange,
837 1756 1035 1792 Gallorum
1056 1754 1188 1798 Able,
1219 1753 1407 1797 Ablecce,
1431 1753 1582 1790 Ovelle.
1609 1754 1804 1801 Aubocce,
1825 1757 1891 1794 de-

275 1823 484 1855 nominatio
504 1816 661 1864 vulgaris
694 1816 850 1862 Nanceji
880 1813 1152 1862 Lotharingiae.
1183 1812 1353 1849 Widiclz
1373 1811 1802 1861 Mecklenburgensibus.
1833 1816 1893 1851 Ex

277 1876 460 1912 relatione
486 1874 727 1921 Ansbergii,
759 1872 1065 1916 Schwerinensis,
1101 1871 1200 1918 1781.
1241 1869 1526 1918 Spiczlauben,
1559 1870 1894 1919 Sclmeidetfisclz-

280 1935 384 1976 lein,
407 1933 586 1967 Kmmer.
610 1931 747 1967 Auser.
771 1943 806 1979 p.
828 1930 907 1978 395.
928 1935 993 1978 qui
1014 1934 1228 1966 varietatem
1250 1927 1349 1963 linea
1372 1926 1516 1962 laterali
1543 1927 1715 1964 coerulea
1738 1935 1891 1965 nomine

278 1988 494 2025 Reislaztbe
516 1987 640 2023 habet.

351 2049 395 2082 In
423 2046 566 2093 Lange
592 2050 812 2081 nostratium
838 2043 929 2080 radii
956 2048 1005 2079 ita
1036 2055 1074 2079 se
1098 2040 1261 2078 habent:
1287 2041 1400 2078 Dors.
1426 2055 1477 2079 10.
1504 2043 1604 2078 Pect.
1629 2055 1680 2078 12.
1707 2043 1834 2078 Ventr.
1857 2044 1891 2080 8.

280 2102 390 2139 Anal.
412 2115 468 2138 20.
497 2101 611 2136 Caud.
632 2115 687 2137 ει.

353 2161 442 2207 Ejus
457 2170 630 2208 squamae
651 2158 820 2194 laterales
840 2168 876 2193 et
895 2156 1076 2194 ventrales
1095 2155 1319 2192 adhibentur
1336 2155 1385 2192 ad
1405 2161 1726 2205 praeparationem
1749 2168 1893 2205 marga-

282 2223 432 2255 ritarum
446 2215 703 2254 artificialium.
729 2217 914 2253 Lavantur
924 2220 965 2252 in
977 2227 1095 2264 aqua,
1114 2213 1178 2250 ubi
1191 2213 1328 2250 secedit
1344 2218 1576 2262 pigmentmn
1588 2219 1893 2263 margaritaceum
