2054 2748
290 126 373 170 226
645 136 1127 170 OBSERVATIONES
1176 135 1545 171 zooLoemAE.

357 225 391 259 T
394 223 578 259 estudines
597 223 787 259 lentissimi
808 229 1027 258 incrementi
1046 233 1141 259 sunt.
1167 225 1207 259 In
1229 222 1342 259 tribus
1365 230 1455 260 meis
1476 224 1719 260 testudinibus
1738 233 1873 274 graecis
1887 256 1896 274 ,

285 293 374 330 quas
394 281 442 316 ad
463 286 657 316 minimum
677 291 818 328 septem
841 293 1024 315 annorum
1044 286 1161 329 spatio
1176 280 1367 329 posside0‚
1385 287 1446 317 vix
1464 287 1559 318 intra
1578 282 1651 318 hoc
1668 293 1812 332 tempus
1831 284 1896 319 ali-

285 338 388 388 quod
407 345 676 373 incrementum
702 338 889 372 observavi
915 338 986 373 Ao.
1013 338 1112 386 1793.
1138 338 1172 373 cl.
1197 343 1251 373 28.
1273 339 1383 373 Junii.

357 398 399 430 In
421 396 543 430 media
567 406 648 429 mea
681 405 718 428 et
747 393 933 442 pulcriore
963 395 1034 430 Ao.
1058 396 1118 430 111.
1145 395 1269 442 (1794.
1295 395 1329 430 d.
1351 407 1384 442 9.
1404 395 1515 443 Maji)
1541 401 1580 430 in
1605 401 1713 432 tertio
1739 396 1897 432 scutello

287 452 353 500 (ab
368 451 610 487 anterioribus
631 450 866 499 incipiendo)
886 457 992 486 seriei
1014 451 1164 487 dextrae
1186 451 1358 497 dorsalis,
1381 462 1491 487 strata
1511 458 1584 488 sive
1604 453 1812 489 additiones
1830 467 1896 489 an-

284 515 430 544 notinas
450 520 604 543 numero
626 508 839 556 quindecim
869 522 888 544 a
921 509 1021 544 disco
1043 509 1170 557 glabro
1196 508 1350 544 centrali
1376 510 1423 544 ad
1448 515 1651 557 marginem
1677 516 1899 546 exteriorem

285 566 482 602 observavi.
532 566 637 612 Quae
670 575 708 601 ut
737 565 829 601 olim
856 576 1025 612 constet,
1059 579 1132 614 qua
1163 573 1305 602 ratione
1335 579 1530 602 numerum
1564 573 1755 614 iniverim,
1783 573 1833 603 sic
1861 581 1899 602 se

284 623 432 659 habent.

357 681 495 726 Quarta
532 680 647 716 tribus
675 680 982 729 praecedentibus
1013 679 1125 728 paulo
1162 679 1289 725 latior,
1326 680 1450 715 medio
1481 679 1585 715 sulco
1610 686 1649 715 in
1677 691 1797 729 partes
1824 681 1899 716 fere

284 736 456 785 aequales
477 738 599 773 divisa.
627 738 767 784 Quinta
787 748 824 773 et
851 748 953 773 sexta
974 743 1106 773 iterum
1127 742 1323 785 angustior.
1360 736 1525 785 Septima
1552 746 1587 771 et
1617 746 1745 772 octava
1771 737 1900 783 latior,

282 800 462 842 posterior
479 794 591 842 paulo
614 794 720 842 plus3
740 805 895 843 utraque
917 804 1003 829 ante
1021 800 1225 841 marginem
1248 799 1469 829 exteriorem
1489 793 1591 828 sulco
1612 793 1816 841 insculpta,
1837 800 1900 842 qui

283 857 505 886 exteriorem
526 858 777 899 angustiorem
799 862 941 900 partem
969 851 1016 887 ab
1036 856 1210 886 interiore
1233 860 1387 898 separat.
1415 852 1527 885 Nona
1546 860 1581 885 et
1601 849 1745 884 decima
1767 855 1900 884 iterum

283 914 520 956 angustiores.
549 909 757 945 Undecima
778 908 974 944 latitudine
994 921 1116 943 nonae
1139 919 1174 943 et
1195 907 1360 942 decimae
1379 906 1488 942 simul
1507 916 1710 942 sumtarum
1726 919 1800 941 una
1816 919 1901 941 cum

283 971 400 1013 spatio
421 965 503 999 illas
526 975 729 1012 separante.
757 966 997 999 Duodecima
1015 965 1136 999 adhuc
1156 964 1347 1011 aliquanto
1368 963 1501 1007 Iatioi-3
1528 964 1671 998 decima
1691 969 1797 998 tertia
1815 963 1899 998 lati-

284 1022 412 1057 tudine
433 1031 607 1056 octavae:
635 1021 779 1056 decima
808 1029 937 1068 quarta
960 1020 1204 1068 praecedente
1230 1024 1421 1066 angustior
1448 1019 1642 1054 latitudine
1665 1019 1739 1053 fere
1760 1032 1901 1061 nonae3

283 1077 467 1125 reliquum
489 1084 647 1124 spatium
674 1089 790 1124 usque
811 1077 860 1110 ad
883 1077 1037 1110 scutella
1059 1076 1274 1122 marginalia
1299 1076 1454 1122 planum
1468 1103 1476 1119 ,
1506 1075 1703 1110 latitudine
1722 1075 1902 1111 linearum

283 1134 438 1169 duarum
466 1145 551 1168 cum
582 1133 755 1177 dimidia,
780 1137 854 1167 sive
881 1137 983 1166 strati
1014 1130 1227 1167 duodecimi
1251 1131 1355 1179 quod
1380 1136 1549 1166 omnium
1581 1131 1799 1168 latissimum
1826 1143 1900 1178 est,

283 1191 408 1226 multis
431 1196 653 1226 tenuissimis
675 1195 768 1225 striis
787 1189 1012 1224 distinctum.

357 1249 483 1296 Atque
505 1247 605 1283 hune
628 1259 826 1282 numerum
843 1245 938 1292 fere,
963 1256 999 1281 et
1016 1250 1056 1280 in
1073 1250 1282 1281 universum
1299 1250 1412 1281 totius
1428 1255 1587 1281 staturae
1609 1245 1903 1295 magnitudinem

283 1305 358 1352 jam
378 1315 465 1341 ante
484 1318 603 1341 annos
623 1305 670 1340 ad
689 1310 885 1340 minimum
907 1314 993 1339 octo
1013 1302 1170 1339 adfuisse
1194 1309 1368 1349 memini,
1386 1312 1427 1338 ut
1447 1302 1541 1338 adeo
1566 1303 1671 1338 nullo
1695 1303 1810 1339 modo
1832 1304 1903 1339 dici

283 1368 419 1410 possit,
443 1375 560 1396 unum
585 1372 738 1397 stratum
762 1372 826 1397 aut
849 1361 1081 1396 additionem
1111 1366 1267 1407 margini
1295 1366 1493 1408 quotannis
1519 1366 1669 1408 apponi.
1715 1360 1775 1395 Sic
1803 1367 1903 1395 enim

285 1429 372 1454 ante
395 1428 482 1453 octo
496 1446 506 1464 ,
527 1431 573 1453 ex
594 1430 668 1467 quo
693 1418 895 1453 testudines
917 1417 981 1451 has
1005 1416 1083 1462 alo,
1106 1428 1245 1460 annm,
1262 1425 1420 1463 quatuor
1442 1426 1586 1451 tantum
1610 1415 1767 1451 adfuisse
1791 1429 1903 1465 opor-

286 1486 389 1512 teret.

359 1534 462 1567 Haec
482 1531 603 1567 media
624 1541 661 1566 et
678 1531 841 1580 pulcrior
860 1543 967 1578 supra
987 1539 1073 1565 octo
1097 1528 1254 1578 pollices
1274 1527 1387 1564 habet
1407 1538 1444 1564 et
1464 1528 1552 1564 duas
1573 1528 1707 1573 lineas;
1733 1529 1826 1565 infra
1840 1542 1904 1565 sex

287 1589 446 1639 pollices
468 1602 552 1624 cum
572 1588 675 1623 lineis
694 1600 828 1623 novem
846 1602 854 1631 3
880 1598 1080 1622 transverse
1101 1586 1256 1634 pollices
1278 1591 1443 1634 quinque
1463 1596 1498 1620 et
1519 1585 1634 1621 lineas
1655 1599 1729 1621 sex.

361 1648 504 1693 Major,
520 1647 589 1681 Ao.
608 1646 707 1692 1793.
733 1645 767 1680 d.
784 1646 839 1680 28.
859 1647 942 1680 Jun.
970 1644 1033 1692 (A.
1053 1643 1116 1691 ΙΙ.)
1139 1652 1243 1678 scuto
1262 1648 1447 1691 superiore
1466 1642 1593 1678 habuit
1618 1653 1704 1678 octo
1727 1641 1880 1690 pollices
1893 1671 1902 1689 ,

287 1715 359 1740 tres
378 1704 504 1739 lineas.
531 1705 644 1738 Scuto
665 1701 834 1737 inferiore
852 1701 899 1736 ab
918 1714 993 1735 uno
1014 1700 1153 1749 angulo
1174 1706 1335 1735 intrante
1355 1700 1402 1735 ad
1420 1699 1577 1735 alterum
1603 1712 1667 1734 sex
1689 1699 1844 1748 pollices
1866 1710 1903 1735 et

288 1774 351 1797 sex
371 1761 495 1797 lineas.
524 1761 637 1795 Scuto
660 1758 832 1794 inferiore
855 1763 1086 1794 transversim
1108 1757 1172 1792 ubi
1201 1756 1356 1792 scutella
1386 1758 1525 1803 majora
1553 1756 1727 1791 latissima
1750 1766 1855 1802 sunt,
1881 1770 1903 1791 a

288 1829 411 1854 sutura
438 1818 485 1853 ad
508 1828 669 1852 suturam
689 1822 853 1865 quinque
875 1815 1028 1864 pollices
1049 1827 1135 1849 cum
1154 1820 1318 1862 quinque
1339 1814 1456 1850 lineis.

362 1877 490 1911 Minor
519 1885 554 1910 et
583 1874 730 1923 reliquis
754 1873 917 1923 pulcrius
944 1871 1109 1907 colorata
1135 1871 1265 1906 habuit
1293 1884 1400 1919 supra
1429 1880 1571 1919 septem
1598 1869 1777 1918 pollice53
1810 1870 1903 1905 infra

291 1937 454 1981 quinque
478 1932 632 1980 pollices
664 1942 701 1967 et
724 1943 860 1967 novem
886 1930 1000 1965 lineas
1021 1943 1030 1973 3
1055 1938 1256 1964 transverse
1285 1939 1445 1977 quatuor
1471 1927 1627 1977 pollices
1659 1939 1744 1963 cum
1774 1926 1903 1962 decem

291 1989 405 2025 lineis.
435 1991 570 2023 Circini
594 1988 757 2037 apicibus
779 2000 863 2023 usus
883 1999 972 2022 sum.

364 2046 434 2081 Ao.
457 2048 514 2081 III.
554 2046 677 2092 (1794.
704 2046 737 2080 d.
763 2058 814 2092 ¹9·
834 2043 945 2091 Maji)
983 2049 1022 2078 in
1049 2041 1231 2078 testudine
1259 2042 1405 2078 mediae
1434 2041 1722 2090 magnitudinis,
1757 2039 1903 2075 scutelli

290 2104 420 2148 medii,
440 2108 544 2138 seriei
567 2102 713 2137 mediae
727 2131 735 2147 ,
759 2101 963 2150 diagonalis
982 2099 1029 2135 ab
1053 2097 1190 2146 angulo
1209 2103 1353 2133 sinistro
1373 2104 1576 2147 posteriore
1591 2097 1638 2132 ad
1654 2097 1825 2132 dextrum
1839 2110 1905 2132 an-

290 2166 460 2197 teriorem
480 2159 649 2195 distantia
671 2165 943 2199 circinosumta
964 2156 1082 2207 qualis
1098 2155 1353 2205 praecedentis
1369 2155 1488 2190 lineae
1503 2155 1710 2203 longitudo.
1741 2154 1905 2208 (Eadem

292 2218 434 2263 media,
455 2229 549 2266 quae
564 2229 649 2252 cum
666 2229 766 2251 mare
783 2217 903 2252 adhuc
923 2221 1002 2252 viva
1021 2213 1130 2250 alitur
1153 2214 1224 2248 Ao.
1246 2213 1309 2249 IX.
1335 2211 1480 2260 (1801.)
1505 2212 1540 2248 d.
1561 2212 1616 2248 30.
1637 2211 1734 2246 Flor.
1756 2216 1903 2256 metita,

1741 2267 1902 2303 eundem
