<?xml version="1.0" encoding="UTF-8"?>
<!DOCTYPE html PUBLIC "-//W3C//DTD XHTML 1.0 Transitional//EN"
    "http://www.w3.org/TR/xhtml1/DTD/xhtml1-transitional.dtd">
<html xmlns="http://www.w3.org/1999/xhtml" xml:lang="en" lang="en">
 <head>
  <title>
</title>
<meta http-equiv="Content-Type" content="text/html;charset=utf-8" />
  <meta name='ocr-system' content='tesseract 3.04.00' />
  <meta name='ocr-capabilities' content='ocr_page ocr_carea ocr_par ocr_line ocrx_word'/>
</head>
<body>
  <div class='ocr_page' id='page_1' title='image "./observationeszoo00herm_0315.png"; bbox 0 0 2054 2748; ppageno 0'>
   <div class='ocr_carea' id='block_1_1' title="bbox 807 160 1738 209">
    <p class='ocr_par' dir='ltr' id='par_1_1' title="bbox 807 160 1738 209">
     <span class='ocr_line' id='line_1_1' title="bbox 807 160 1738 209; baseline 0.005 -19"><span class='ocrx_word' id='word_1_1' title='bbox 807 160 1106 192; x_wconf 82' lang='lat' dir='ltr'><strong>PISCES.</strong></span> <span class='ocrx_word' id='word_1_2' title='bbox 1663 168 1738 209; x_wconf 80' lang='lat'>511</span> 
     </span>
    </p>
   </div>
   <div class='ocr_carea' id='block_1_2' title="bbox 142 244 1749 1812">
    <p class='ocr_par' dir='ltr' id='par_1_2' title="bbox 143 244 1743 408">
     <span class='ocr_line' id='line_1_2' title="bbox 147 244 1743 296; baseline 0.002 -15"><span class='ocrx_word' id='word_1_3' title='bbox 147 256 188 281; x_wconf 88' lang='lat' dir='ltr'>ut</span> <span class='ocrx_word' id='word_1_4' title='bbox 201 258 288 281; x_wconf 90' lang='lat' dir='ltr'>sane</span> <span class='ocrx_word' id='word_1_5' title='bbox 307 252 345 281; x_wconf 85' lang='lat' dir='ltr'>in</span> <span class='ocrx_word' id='word_1_6' title='bbox 360 255 489 280; x_wconf 84' lang='lat' dir='ltr'>neutra</span> <span class='ocrx_word' id='word_1_7' title='bbox 508 245 621 292; x_wconf 78' lang='lat' dir='ltr'>figura</span> <span class='ocrx_word' id='word_1_8' title='bbox 637 244 838 279; x_wconf 75' lang='lat' dir='ltr'>Blochiana</span> <span class='ocrx_word' id='word_1_9' title='bbox 856 251 993 292; x_wconf 74' lang='lat' dir='ltr'>piscem</span> <span class='ocrx_word' id='word_1_10' title='bbox 1014 245 1114 279; x_wconf 89' lang='lat' dir='ltr'>hunc</span> <span class='ocrx_word' id='word_1_11' title='bbox 1134 248 1354 291; x_wconf 80' lang='lat' dir='ltr'>agnoverim.</span> <span class='ocrx_word' id='word_1_12' title='bbox 1380 246 1464 280; x_wconf 87' lang='lat' dir='ltr'>Hoc</span> <span class='ocrx_word' id='word_1_13' title='bbox 1479 253 1565 282; x_wconf 85' lang='lat' dir='ltr'>anni</span> <span class='ocrx_word' id='word_1_14' title='bbox 1577 257 1743 296; x_wconf 81' lang='lat' dir='ltr'>ternpore</span> 
     </span>
     <span class='ocr_line' id='line_1_3' title="bbox 143 300 1743 352; baseline 0.001 -14"><span class='ocrx_word' id='word_1_15' title='bbox 143 314 260 338; x_wconf 82' lang='lat' dir='ltr'>mares</span> <span class='ocrx_word' id='word_1_16' title='bbox 285 314 413 337; x_wconf 83' lang='lat' dir='ltr'>omnes</span> <span class='ocrx_word' id='word_1_17' title='bbox 437 308 484 336; x_wconf 80' lang='lat' dir='ltr'>ita</span> <span class='ocrx_word' id='word_1_18' title='bbox 510 301 714 336; x_wconf 82' lang='lat' dir='ltr'>maculatos</span> <span class='ocrx_word' id='word_1_19' title='bbox 734 314 808 336; x_wconf 86' lang='lat' dir='ltr'>esse</span> <span class='ocrx_word' id='word_1_20' title='bbox 835 307 958 336; x_wconf 78' lang='lat' dir='ltr'>asserit</span> <span class='ocrx_word' id='word_1_21' title='bbox 985 307 1169 349; x_wconf 79' lang='lat' dir='ltr'>piscator,</span> <span class='ocrx_word' id='word_1_22' title='bbox 1193 300 1418 349; x_wconf 87' lang='lat' dir='ltr'>quandoque</span> <span class='ocrx_word' id='word_1_23' title='bbox 1447 309 1556 338; x_wconf 88' lang='lat' dir='ltr'>etiam</span> <span class='ocrx_word' id='word_1_24' title='bbox 1583 304 1743 352; x_wconf 78' lang='lat' dir='ltr'>aliquem</span> 
     </span>
     <span class='ocr_line' id='line_1_4' title="bbox 144 358 1005 408; baseline -0.001 -14"><span class='ocrx_word' id='word_1_25' title='bbox 144 365 291 408; x_wconf 75' lang='lat' dir='ltr'>reperiri</span> <span class='ocrx_word' id='word_1_26' title='bbox 308 364 346 393; x_wconf 90' lang='lat' dir='ltr'>in</span> <span class='ocrx_word' id='word_1_27' title='bbox 365 358 554 406; x_wconf 80' lang='lat' dir='ltr'>superficie</span> <span class='ocrx_word' id='word_1_28' title='bbox 578 368 788 403; x_wconf 81' lang='lat' dir='ltr'>natantem,</span> <span class='ocrx_word' id='word_1_29' title='bbox 808 367 1005 393; x_wconf 80' lang='lat' dir='ltr'>mortuum.</span> 
     </span>
    </p>

    <p class='ocr_par' dir='ltr' id='par_1_3' title="bbox 144 413 1744 519">
     <span class='ocr_line' id='line_1_5' title="bbox 220 413 1744 462; baseline 0.002 -13"><span class='ocrx_word' id='word_1_30' title='bbox 220 414 501 450; x_wconf 86' lang='lat' dir='ltr'>Salmnnculum</span> <span class='ocrx_word' id='word_1_31' title='bbox 520 414 574 462; x_wconf 80' lang='lat' dir='ltr'>(le</span> <span class='ocrx_word' id='word_1_32' title='bbox 587 415 744 449; x_wconf 73' lang='lat' dir='ltr'>Tacon?</span> <span class='ocrx_word' id='word_1_33' title='bbox 766 413 903 449; x_wconf 73' lang='lat' dir='ltr'>Belou.</span> <span class='ocrx_word' id='word_1_34' title='bbox 919 414 1018 460; x_wconf 84' lang='lat'>275.)</span> <span class='ocrx_word' id='word_1_35' title='bbox 1035 414 1257 462; x_wconf 81' lang='lat' dir='ltr'>peculiarem</span> <span class='ocrx_word' id='word_1_36' title='bbox 1271 420 1429 462; x_wconf 87' lang='lat' dir='ltr'>speciem</span> <span class='ocrx_word' id='word_1_37' title='bbox 1442 427 1518 450; x_wconf 83' lang='lat' dir='ltr'>esse</span> <span class='ocrx_word' id='word_1_38' title='bbox 1533 426 1635 462; x_wconf 83' lang='lat' dir='ltr'>putat</span> <span class='ocrx_word' id='word_1_39' title='bbox 1648 419 1744 452; x_wconf 88' lang='lat' dir='ltr'>Pen-</span> 
     </span>
     <span class='ocr_line' id='line_1_6' title="bbox 144 470 966 519; baseline -0.002 -12"><span class='ocrx_word' id='word_1_40' title='bbox 144 477 311 517; x_wconf 86' lang='lat' dir='ltr'>nantius,</span> <span class='ocrx_word' id='word_1_41' title='bbox 330 473 423 507; x_wconf 72' lang='lat' dir='ltr'>Brit.</span> <span class='ocrx_word' id='word_1_42' title='bbox 439 471 554 505; x_wconf 84' lang='lat' dir='ltr'>Zool.</span> <span class='ocrx_word' id='word_1_43' title='bbox 572 473 628 506; x_wconf 85' lang='grc' dir='ltr'>ΙΙΙ.</span> <span class='ocrx_word' id='word_1_44' title='bbox 650 485 684 519; x_wconf 83' lang='lat' dir='ltr'>p.</span> <span class='ocrx_word' id='word_1_45' title='bbox 706 471 784 506; x_wconf 71' lang='lat'>253.</span> <span class='ocrx_word' id='word_1_46' title='bbox 805 470 908 518; x_wconf 86' lang='lat' dir='ltr'>Spec.</span> <span class='ocrx_word' id='word_1_47' title='bbox 924 471 966 505; x_wconf 91' lang='lat' dir='ltr'>V.</span> 
     </span>
    </p>

    <p class='ocr_par' dir='ltr' id='par_1_4' title="bbox 143 525 1746 688">
     <span class='ocr_line' id='line_1_7' title="bbox 217 525 1744 575; baseline 0.001 -13"><span class='ocrx_word' id='word_1_48' title='bbox 217 529 286 562; x_wconf 91' lang='lat' dir='ltr'>Ao.</span> <span class='ocrx_word' id='word_1_49' title='bbox 313 530 410 575; x_wconf 86' lang='lat'>1778.</span> <span class='ocrx_word' id='word_1_50' title='bbox 433 534 514 562; x_wconf 83' lang='lat' dir='ltr'>misi</span> <span class='ocrx_word' id='word_1_51' title='bbox 534 527 693 563; x_wconf 73' lang='lat' dir='ltr'>Pallanti</span> <span class='ocrx_word' id='word_1_52' title='bbox 716 526 931 575; x_wconf 81' lang='lat' dir='ltr'>pisciculum</span> <span class='ocrx_word' id='word_1_53' title='bbox 956 525 1113 561; x_wconf 82' lang='lat' dir='ltr'>salmoni</span> <span class='ocrx_word' id='word_1_54' title='bbox 1133 527 1238 562; x_wconf 81' lang='lat' dir='ltr'>salari</span> <span class='ocrx_word' id='word_1_55' title='bbox 1260 529 1395 573; x_wconf 88' lang='lat' dir='ltr'>juniori</span> <span class='ocrx_word' id='word_1_56' title='bbox 1418 533 1490 563; x_wconf 87' lang='lat' dir='ltr'>sive</span> <span class='ocrx_word' id='word_1_57' title='bbox 1514 528 1744 565; x_wconf 81' lang='lat' dir='ltr'>salmunculo</span> 
     </span>
     <span class='ocr_line' id='line_1_8' title="bbox 144 583 1746 632; baseline 0.002 -13"><span class='ocrx_word' id='word_1_58' title='bbox 144 584 372 619; x_wconf 83' lang='lat' dir='ltr'>simillimum</span> <span class='ocrx_word' id='word_1_59' title='bbox 387 613 395 629; x_wconf 88' lang='lat'>,</span> <span class='ocrx_word' id='word_1_60' title='bbox 416 590 484 619; x_wconf 88' lang='lat' dir='ltr'>nisi</span> <span class='ocrx_word' id='word_1_61' title='bbox 504 584 605 632; x_wconf 87' lang='lat' dir='ltr'>quod</span> <span class='ocrx_word' id='word_1_62' title='bbox 626 584 736 632; x_wconf 84' lang='lat' dir='ltr'>paulo</span> <span class='ocrx_word' id='word_1_63' title='bbox 762 584 870 618; x_wconf 72' lang='lat' dir='ltr'>latior</span> <span class='ocrx_word' id='word_1_64' title='bbox 889 594 925 619; x_wconf 88' lang='lat' dir='ltr'>et</span> <span class='ocrx_word' id='word_1_65' title='bbox 942 589 1053 632; x_wconf 86' lang='lat' dir='ltr'>pinna</span> <span class='ocrx_word' id='word_1_66' title='bbox 1073 583 1169 618; x_wconf 86' lang='lat' dir='ltr'>dorsi</span> <span class='ocrx_word' id='word_1_67' title='bbox 1192 593 1229 618; x_wconf 86' lang='lat' dir='ltr'>et</span> <span class='ocrx_word' id='word_1_68' title='bbox 1250 590 1309 618; x_wconf 79' lang='lat' dir='ltr'>ani</span> <span class='ocrx_word' id='word_1_69' title='bbox 1330 584 1512 619; x_wconf 84' lang='lat' dir='ltr'>maculata</span> <span class='ocrx_word' id='word_1_70' title='bbox 1531 591 1585 621; x_wconf 78' lang='lat' dir='ltr'>sit.</span> <span class='ocrx_word' id='word_1_71' title='bbox 1611 586 1689 621; x_wconf 86' lang='lat' dir='ltr'>Ova</span> <span class='ocrx_word' id='word_1_72' title='bbox 1711 597 1746 622; x_wconf 89' lang='lat' dir='ltr'>et</span> 
     </span>
     <span class='ocr_line' id='line_1_9' title="bbox 143 639 1743 688; baseline 0.001 -13"><span class='ocrx_word' id='word_1_73' title='bbox 143 640 255 675; x_wconf 86' lang='lat' dir='ltr'>lactes</span> <span class='ocrx_word' id='word_1_74' title='bbox 271 640 393 674; x_wconf 87' lang='lat' dir='ltr'>habet.</span> <span class='ocrx_word' id='word_1_75' title='bbox 417 642 503 674; x_wconf 83' lang='lat' dir='ltr'>Erat</span> <span class='ocrx_word' id='word_1_76' title='bbox 520 652 563 674; x_wconf 88' lang='lat' dir='ltr'>ex</span> <span class='ocrx_word' id='word_1_77' title='bbox 577 640 684 674; x_wconf 82' lang='lat' dir='ltr'>[luvio</span> <span class='ocrx_word' id='word_1_78' title='bbox 702 639 857 685; x_wconf 79' lang='lat' dir='ltr'>Murck,</span> <span class='ocrx_word' id='word_1_79' title='bbox 876 639 980 675; x_wconf 86' lang='lat' dir='ltr'>vallis</span> <span class='ocrx_word' id='word_1_80' title='bbox 992 639 1252 687; x_wconf 74' lang='lat' dir='ltr'>Gerspacensis</span> <span class='ocrx_word' id='word_1_81' title='bbox 1265 642 1548 688; x_wconf 75' lang='lat' dir='ltr'>Marcgraviatus</span> <span class='ocrx_word' id='word_1_82' title='bbox 1564 643 1743 677; x_wconf 78' lang='lat' dir='ltr'>Badensis.</span> 
     </span>
    </p>

    <p class='ocr_par' dir='ltr' id='par_1_5' title="bbox 143 695 1747 914">
     <span class='ocr_line' id='line_1_10' title="bbox 217 695 1746 746; baseline 0.003 -15"><span class='ocrx_word' id='word_1_83' title='bbox 217 695 497 731; x_wconf 86' lang='lat' dir='ltr'>Salmunculum</span> <span class='ocrx_word' id='word_1_84' title='bbox 525 701 563 729; x_wconf 89' lang='lat' dir='ltr'>in</span> <span class='ocrx_word' id='word_1_85' title='bbox 593 696 723 730; x_wconf 78' lang='lat' dir='ltr'>Rheno</span> <span class='ocrx_word' id='word_1_86' title='bbox 745 706 928 731; x_wconf 82' lang='lat' dir='ltr'>retentum</span> <span class='ocrx_word' id='word_1_87' title='bbox 949 705 1011 732; x_wconf 86' lang='lat' dir='ltr'>aut</span> <span class='ocrx_word' id='word_1_88' title='bbox 1030 696 1108 731; x_wconf 83' lang='lat' dir='ltr'>aliis</span> <span class='ocrx_word' id='word_1_89' title='bbox 1127 703 1229 745; x_wconf 83' lang='lat' dir='ltr'>aquis</span> <span class='ocrx_word' id='word_1_90' title='bbox 1254 697 1352 732; x_wconf 87' lang='lat' dir='ltr'>unde</span> <span class='ocrx_word' id='word_1_91' title='bbox 1370 699 1488 733; x_wconf 81' lang='lat' dir='ltr'>redire</span> <span class='ocrx_word' id='word_1_92' title='bbox 1511 711 1587 732; x_wconf 88' lang='lat' dir='ltr'>non</span> <span class='ocrx_word' id='word_1_93' title='bbox 1610 705 1722 746; x_wconf 83' lang='lat' dir='ltr'>possit</span> <span class='ocrx_word' id='word_1_94' title='bbox 1737 728 1746 745; x_wconf 92' lang='lat'>,</span> 
     </span>
     <span class='ocr_line' id='line_1_11' title="bbox 145 752 1747 802; baseline 0.002 -15"><span class='ocrx_word' id='word_1_95' title='bbox 145 758 173 787; x_wconf 88' lang='lat' dir='ltr'>si</span> <span class='ocrx_word' id='word_1_96' title='bbox 193 758 302 788; x_wconf 88' lang='lat' dir='ltr'>etiam</span> <span class='ocrx_word' id='word_1_97' title='bbox 320 757 447 799; x_wconf 78' lang='lat' dir='ltr'>viginti</span> <span class='ocrx_word' id='word_1_98' title='bbox 465 757 567 786; x_wconf 83' lang='lat' dir='ltr'>annis</span> <span class='ocrx_word' id='word_1_99' title='bbox 591 752 639 786; x_wconf 90' lang='lat' dir='ltr'>ibi</span> <span class='ocrx_word' id='word_1_100' title='bbox 660 763 806 788; x_wconf 84' lang='lat' dir='ltr'>maneat</span> <span class='ocrx_word' id='word_1_101' title='bbox 821 781 829 797; x_wconf 94' lang='lat'>,</span> <span class='ocrx_word' id='word_1_102' title='bbox 851 763 974 787; x_wconf 79' lang='lat' dir='ltr'>tamen</span> <span class='ocrx_word' id='word_1_103' title='bbox 994 752 1266 788; x_wconf 78' lang='lat' dir='ltr'>salmunculum</span> <span class='ocrx_word' id='word_1_104' title='bbox 1292 766 1459 799; x_wconf 85' lang='lat' dir='ltr'>manere,</span> <span class='ocrx_word' id='word_1_105' title='bbox 1485 755 1648 790; x_wconf 75' lang='lat' dir='ltr'>Gesnero</span> <span class='ocrx_word' id='word_1_106' title='bbox 1673 758 1747 802; x_wconf 88' lang='lat' dir='ltr'>jam</span> 
     </span>
     <span class='ocr_line' id='line_1_12' title="bbox 144 808 1746 858; baseline 0.002 -14"><span class='ocrx_word' id='word_1_107' title='bbox 144 815 304 857; x_wconf 77' lang='lat' dir='ltr'>piscator</span> <span class='ocrx_word' id='word_1_108' title='bbox 323 809 599 855; x_wconf 79' lang='lat' dir='ltr'>Argentinensis</span> <span class='ocrx_word' id='word_1_109' title='bbox 625 808 758 844; x_wconf 87' lang='lat' dir='ltr'>retulit.</span> <span class='ocrx_word' id='word_1_110' title='bbox 785 808 933 844; x_wconf 78' lang='lat' dir='ltr'><em>Gesner</em></span> <span class='ocrx_word' id='word_1_111' title='bbox 958 809 1100 844; x_wconf 70' lang='lat' dir='ltr'>Emmz.</span> <span class='ocrx_word' id='word_1_112' title='bbox 1130 811 1300 858; x_wconf 72' lang='lat' dir='ltr'>aqaacil.</span> <span class='ocrx_word' id='word_1_113' title='bbox 1334 812 1389 846; x_wconf 80' lang='lat' dir='ltr'>ad</span> <span class='ocrx_word' id='word_1_114' title='bbox 1415 812 1554 847; x_wconf 67' lang='lat' dir='ltr'>Ovidii</span> <span class='ocrx_word' id='word_1_115' title='bbox 1580 812 1746 848; x_wconf 67' lang='lat' dir='ltr'>haldene.</span> 
     </span>
     <span class='ocr_line' id='line_1_13' title="bbox 143 867 280 914; baseline 0 -14"><span class='ocrx_word' id='word_1_116' title='bbox 143 878 179 914; x_wconf 90' lang='lat' dir='ltr'>p.</span> <span class='ocrx_word' id='word_1_117' title='bbox 205 867 280 901; x_wconf 79' lang='grc'><strong>188.</strong></span> 
     </span>
    </p>

    <p class='ocr_par' dir='ltr' id='par_1_6' title="bbox 142 920 1749 1194">
     <span class='ocr_line' id='line_1_14' title="bbox 193 920 1748 973; baseline 0.004 -18"><span class='ocrx_word' id='word_1_118' title='bbox 193 920 231 955; x_wconf 90' lang='lat' dir='ltr'>Si</span> <span class='ocrx_word' id='word_1_119' title='bbox 246 926 368 955; x_wconf 90' lang='lat' dir='ltr'>omnia</span> <span class='ocrx_word' id='word_1_120' title='bbox 384 933 477 968; x_wconf 89' lang='lat' dir='ltr'>quae</span> <span class='ocrx_word' id='word_1_121' title='bbox 487 920 791 957; x_wconf 81' lang='lat' dir='ltr'>Pennan&#39;tusloco</span> <span class='ocrx_word' id='word_1_122' title='bbox 809 928 919 958; x_wconf 87' lang='lat' dir='ltr'>citato</span> <span class='ocrx_word' id='word_1_123' title='bbox 937 923 982 958; x_wconf 87' lang='lat' dir='ltr'>de</span> <span class='ocrx_word' id='word_1_124' title='bbox 995 923 1226 959; x_wconf 78' lang='lat' dir='ltr'>salmunculo</span> <span class='ocrx_word' id='word_1_125' title='bbox 1240 924 1367 969; x_wconf 82' lang='lat' dir='ltr'>refert,</span> <span class='ocrx_word' id='word_1_126' title='bbox 1386 935 1645 973; x_wconf 79' lang='lat' dir='ltr'>comparentur</span> <span class='ocrx_word' id='word_1_127' title='bbox 1664 938 1748 961; x_wconf 89' lang='lat' dir='ltr'>cum</span> 
     </span>
     <span class='ocr_line' id='line_1_15' title="bbox 143 977 1749 1027; baseline 0.003 -15"><span class='ocrx_word' id='word_1_128' title='bbox 143 977 211 1012; x_wconf 92' lang='lat' dir='ltr'>illo</span> <span class='ocrx_word' id='word_1_129' title='bbox 230 977 461 1012; x_wconf 84' lang='lat' dir='ltr'>salmunculo</span> <span class='ocrx_word' id='word_1_130' title='bbox 479 983 591 1024; x_wconf 88' lang='lat' dir='ltr'>pinna</span> <span class='ocrx_word' id='word_1_131' title='bbox 608 977 743 1013; x_wconf 82' lang='lat' dir='ltr'>dorsali</span> <span class='ocrx_word' id='word_1_132' title='bbox 761 979 944 1014; x_wconf 83' lang='lat' dir='ltr'>maculata</span> <span class='ocrx_word' id='word_1_133' title='bbox 965 992 1010 1014; x_wconf 88' lang='lat' dir='ltr'>ex</span> <span class='ocrx_word' id='word_1_134' title='bbox 1029 980 1123 1016; x_wconf 87' lang='lat' dir='ltr'>valle</span> <span class='ocrx_word' id='word_1_135' title='bbox 1145 981 1406 1027; x_wconf 77' lang='lat' dir='ltr'>Gerspacensi,</span> <span class='ocrx_word' id='word_1_136' title='bbox 1425 987 1454 1015; x_wconf 89' lang='lat' dir='ltr'>si</span> <span class='ocrx_word' id='word_1_137' title='bbox 1476 982 1749 1017; x_wconf 81' lang='lat' dir='ltr'>consideramus</span> 
     </span>
     <span class='ocr_line' id='line_1_16' title="bbox 144 1032 1749 1084; baseline 0.004 -17"><span class='ocrx_word' id='word_1_138' title='bbox 144 1039 341 1081; x_wconf 81' lang='lat' dir='ltr'>piscatores</span> <span class='ocrx_word' id='word_1_139' title='bbox 361 1041 506 1065; x_wconf 84' lang='lat' dir='ltr'>nostros</span> <span class='ocrx_word' id='word_1_140' title='bbox 520 1032 762 1067; x_wconf 85' lang='lat' dir='ltr'>Basileensem</span> <span class='ocrx_word' id='word_1_141' title='bbox 781 1034 1054 1070; x_wconf 88' lang='lat' dir='ltr'>salmunculum</span> <span class='ocrx_word' id='word_1_142' title='bbox 1071 1035 1312 1081; x_wconf 73' lang='lat' dir='ltr'>distinguere,</span> <span class='ocrx_word' id='word_1_143' title='bbox 1332 1036 1500 1071; x_wconf 86' lang='lat' dir='ltr'>videntur</span> <span class='ocrx_word' id='word_1_144' title='bbox 1516 1043 1642 1084; x_wconf 82' lang='lat' dir='ltr'>utique</span> <span class='ocrx_word' id='word_1_145' title='bbox 1663 1044 1749 1074; x_wconf 85' lang='lat' dir='ltr'>varii</span> 
     </span>
     <span class='ocr_line' id='line_1_17' title="bbox 143 1086 1746 1138; baseline 0.002 -15"><span class='ocrx_word' id='word_1_146' title='bbox 143 1087 311 1138; x_wconf 80' lang='lat' dir='ltr'>pisciculi</span> <span class='ocrx_word' id='word_1_147' title='bbox 324 1086 434 1133; x_wconf 82' lang='lat' dir='ltr'>vulgo</span> <span class='ocrx_word' id='word_1_148' title='bbox 450 1092 602 1120; x_wconf 87' lang='lat' dir='ltr'>nomine</span> <span class='ocrx_word' id='word_1_149' title='bbox 620 1087 936 1122; x_wconf 87' lang='lat' dir='ltr'>salmunculorum</span> <span class='ocrx_word' id='word_1_150' title='bbox 949 1088 1137 1123; x_wconf 88' lang='lat' dir='ltr'>confundi.</span> <span class='ocrx_word' id='word_1_151' title='bbox 1157 1088 1210 1123; x_wconf 85' lang='lat' dir='ltr'>Cf.</span> <span class='ocrx_word' id='word_1_152' title='bbox 1226 1089 1473 1134; x_wconf 78' lang='lat' dir='ltr'>Spielmcmn.</span> <span class='ocrx_word' id='word_1_153' title='bbox 1487 1091 1633 1126; x_wconf 74' lang='lat' dir='ltr'>Macer.</span> <span class='ocrx_word' id='word_1_154' title='bbox 1648 1094 1746 1128; x_wconf 78' lang='lat' dir='ltr'>med.</span> 
     </span>
     <span class='ocr_line' id='line_1_18' title="bbox 142 1145 275 1194; baseline -0.008 -14"><span class='ocrx_word' id='word_1_155' title='bbox 142 1160 177 1194; x_wconf 88' lang='lat' dir='ltr'>p.</span> <span class='ocrx_word' id='word_1_156' title='bbox 202 1145 275 1181; x_wconf 71' lang='grc'><strong>168.</strong></span> 
     </span>
    </p>

    <p class='ocr_par' dir='ltr' id='par_1_7' title="bbox 144 1199 1749 1754">
     <span class='ocr_line' id='line_1_19' title="bbox 192 1199 1749 1251; baseline 0.003 -15"><span class='ocrx_word' id='word_1_157' title='bbox 192 1203 357 1237; x_wconf 83' lang='lat' dir='ltr'>Piscator</span> <span class='ocrx_word' id='word_1_158' title='bbox 369 1201 523 1247; x_wconf 84' lang='lat' dir='ltr'>Jungius</span> <span class='ocrx_word' id='word_1_159' title='bbox 532 1199 622 1234; x_wconf 86' lang='lat' dir='ltr'>mihi</span> <span class='ocrx_word' id='word_1_160' title='bbox 633 1210 810 1235; x_wconf 80' lang='lat' dir='ltr'>asseverat</span> <span class='ocrx_word' id='word_1_161' title='bbox 822 1228 830 1246; x_wconf 86' lang='lat'>‚</span> <span class='ocrx_word' id='word_1_162' title='bbox 842 1205 880 1235; x_wconf 91' lang='lat' dir='ltr'>in</span> <span class='ocrx_word' id='word_1_163' title='bbox 897 1206 973 1236; x_wconf 90' lang='lat' dir='ltr'>rivo</span> <span class='ocrx_word' id='word_1_164' title='bbox 993 1211 1173 1237; x_wconf 89' lang='lat' dir='ltr'>montano</span> <span class='ocrx_word' id='word_1_165' title='bbox 1187 1203 1311 1237; x_wconf 85' lang='lat' dir='ltr'>Wisen</span> <span class='ocrx_word' id='word_1_166' title='bbox 1324 1230 1332 1247; x_wconf 97' lang='lat'>,</span> <span class='ocrx_word' id='word_1_167' title='bbox 1345 1201 1444 1237; x_wconf 87' lang='lat' dir='ltr'>claro</span> <span class='ocrx_word' id='word_1_168' title='bbox 1458 1212 1493 1238; x_wconf 89' lang='lat' dir='ltr'>et</span> <span class='ocrx_word' id='word_1_169' title='bbox 1510 1204 1749 1251; x_wconf 77' lang='lat' dir='ltr'>profundiore</span> 
     </span>
     <span class='ocr_line' id='line_1_20' title="bbox 144 1256 1749 1310; baseline 0.002 -17"><span class='ocrx_word' id='word_1_170' title='bbox 144 1271 238 1308; x_wconf 88' lang='lat' dir='ltr'>aqua</span> <span class='ocrx_word' id='word_1_171' title='bbox 255 1256 438 1304; x_wconf 81' lang='lat' dir='ltr'>gaudente</span> <span class='ocrx_word' id='word_1_172' title='bbox 453 1283 461 1301; x_wconf 92' lang='lat'>,</span> <span class='ocrx_word' id='word_1_173' title='bbox 486 1262 549 1304; x_wconf 90' lang='lat' dir='ltr'>qui</span> <span class='ocrx_word' id='word_1_174' title='bbox 567 1268 611 1290; x_wconf 84' lang='lat' dir='ltr'>ex</span> <span class='ocrx_word' id='word_1_175' title='bbox 626 1258 786 1304; x_wconf 84' lang='lat' dir='ltr'>Brisgoja</span> <span class='ocrx_word' id='word_1_176' title='bbox 808 1267 869 1292; x_wconf 86' lang='lat' dir='ltr'>aut</span> <span class='ocrx_word' id='word_1_177' title='bbox 889 1259 1156 1305; x_wconf 84' lang='lat' dir='ltr'>Marcgraviatu</span> <span class='ocrx_word' id='word_1_178' title='bbox 1178 1259 1330 1294; x_wconf 85' lang='lat' dir='ltr'>Badensi</span> <span class='ocrx_word' id='word_1_179' title='bbox 1346 1265 1531 1307; x_wconf 77' lang='lat' dir='ltr'>superiore</span> <span class='ocrx_word' id='word_1_180' title='bbox 1550 1274 1666 1310; x_wconf 85' lang='lat' dir='ltr'>prope</span> <span class='ocrx_word' id='word_1_181' title='bbox 1683 1265 1749 1299; x_wconf 89' lang='lat' dir='ltr'>Ba-</span> 
     </span>
     <span class='ocr_line' id='line_1_21' title="bbox 145 1312 1748 1363; baseline 0.002 -11"><span class='ocrx_word' id='word_1_182' title='bbox 145 1316 272 1352; x_wconf 88' lang='lat' dir='ltr'>sileam</span> <span class='ocrx_word' id='word_1_183' title='bbox 292 1319 330 1348; x_wconf 90' lang='lat' dir='ltr'>in</span> <span class='ocrx_word' id='word_1_184' title='bbox 351 1313 521 1347; x_wconf 85' lang='lat' dir='ltr'>Rhenum</span> <span class='ocrx_word' id='word_1_185' title='bbox 545 1312 689 1357; x_wconf 79' lang='lat' dir='ltr'>defluit,</span> <span class='ocrx_word' id='word_1_186' title='bbox 718 1313 949 1349; x_wconf 88' lang='lat' dir='ltr'>observatum</span> <span class='ocrx_word' id='word_1_187' title='bbox 971 1327 1046 1349; x_wconf 85' lang='lat' dir='ltr'>esse</span> <span class='ocrx_word' id='word_1_188' title='bbox 1071 1327 1142 1363; x_wconf 86' lang='lat' dir='ltr'>qua</span> <span class='ocrx_word' id='word_1_189' title='bbox 1166 1321 1308 1351; x_wconf 84' lang='lat' dir='ltr'>ratione</span> <span class='ocrx_word' id='word_1_190' title='bbox 1335 1329 1412 1351; x_wconf 82' lang='lat' dir='ltr'>mas</span> <span class='ocrx_word' id='word_1_191' title='bbox 1432 1317 1607 1352; x_wconf 85' lang='lat' dir='ltr'>salmonis</span> <span class='ocrx_word' id='word_1_192' title='bbox 1632 1320 1748 1356; x_wconf 79' lang='lat' dir='ltr'>cauda</span> 
     </span>
     <span class='ocr_line' id='line_1_22' title="bbox 144 1368 1748 1422; baseline 0.002 -15"><span class='ocrx_word' id='word_1_193' title='bbox 144 1370 345 1422; x_wconf 86' lang='lat' dir='ltr'>profundas</span> <span class='ocrx_word' id='word_1_194' title='bbox 368 1369 479 1404; x_wconf 83' lang='lat' dir='ltr'>fossas</span> <span class='ocrx_word' id='word_1_195' title='bbox 502 1368 584 1416; x_wconf 82' lang='lat' dir='ltr'>plus</span> <span class='ocrx_word' id='word_1_196' title='bbox 606 1382 716 1416; x_wconf 81' lang='lat' dir='ltr'>quam</span> <span class='ocrx_word' id='word_1_197' title='bbox 739 1369 863 1417; x_wconf 86' lang='lat' dir='ltr'>pedali</span> <span class='ocrx_word' id='word_1_198' title='bbox 885 1370 1080 1405; x_wconf 81' lang='lat' dir='ltr'>altitudine</span> <span class='ocrx_word' id='word_1_199' title='bbox 1103 1376 1141 1405; x_wconf 91' lang='lat' dir='ltr'>in</span> <span class='ocrx_word' id='word_1_200' title='bbox 1158 1371 1252 1406; x_wconf 86' lang='lat' dir='ltr'>alvei</span> <span class='ocrx_word' id='word_1_201' title='bbox 1277 1372 1391 1406; x_wconf 87' lang='lat' dir='ltr'>fundo</span> <span class='ocrx_word' id='word_1_202' title='bbox 1417 1383 1586 1418; x_wconf 77' lang='lat' dir='ltr'>excavet,</span> <span class='ocrx_word' id='word_1_203' title='bbox 1607 1374 1748 1422; x_wconf 83' lang='lat' dir='ltr'>lapides</span> 
     </span>
     <span class='ocr_line' id='line_1_23' title="bbox 144 1425 1748 1478; baseline 0.003 -16"><span class='ocrx_word' id='word_1_204' title='bbox 144 1429 300 1474; x_wconf 81' lang='lat' dir='ltr'>:majores</span> <span class='ocrx_word' id='word_1_205' title='bbox 323 1431 433 1460; x_wconf 88' lang='lat' dir='ltr'>etiam</span> <span class='ocrx_word' id='word_1_206' title='bbox 457 1425 679 1461; x_wconf 81' lang='lat' dir='ltr'>emoliendo,</span> <span class='ocrx_word' id='word_1_207' title='bbox 706 1427 804 1460; x_wconf 87' lang='lat' dir='ltr'>Tum</span> <span class='ocrx_word' id='word_1_208' title='bbox 831 1425 965 1461; x_wconf 84' lang='lat' dir='ltr'>femina</span> <span class='ocrx_word' id='word_1_209' title='bbox 986 1432 1025 1460; x_wconf 87' lang='lat' dir='ltr'>in</span> <span class='ocrx_word' id='word_1_210' title='bbox 1043 1426 1108 1461; x_wconf 88' lang='lat' dir='ltr'>illa</span> <span class='ocrx_word' id='word_1_211' title='bbox 1127 1426 1222 1462; x_wconf 83' lang='lat' dir='ltr'>fossa</span> <span class='ocrx_word' id='word_1_212' title='bbox 1242 1429 1351 1464; x_wconf 86' lang='lat' dir='ltr'>cubet</span> <span class='ocrx_word' id='word_1_213' title='bbox 1370 1429 1475 1464; x_wconf 85' lang='lat' dir='ltr'>lateri</span> <span class='ocrx_word' id='word_1_214' title='bbox 1495 1435 1688 1478; x_wconf 85' lang='lat' dir='ltr'>imposita,</span> <span class='ocrx_word' id='word_1_215' title='bbox 1711 1443 1748 1468; x_wconf 86' lang='lat' dir='ltr'>et</span> 
     </span>
     <span class='ocr_line' id='line_1_24' title="bbox 144 1480 1747 1533; baseline 0.002 -13"><span class='ocrx_word' id='word_1_216' title='bbox 144 1487 245 1531; x_wconf 85' lang='lat' dir='ltr'>juxta</span> <span class='ocrx_word' id='word_1_217' title='bbox 264 1482 367 1517; x_wconf 74' lang='lat' dir='ltr'>illam</span> <span class='ocrx_word' id='word_1_218' title='bbox 384 1493 461 1515; x_wconf 85' lang='lat' dir='ltr'>mas</span> <span class='ocrx_word' id='word_1_219' title='bbox 483 1480 664 1528; x_wconf 84' lang='lat' dir='ltr'>applicitis</span> <span class='ocrx_word' id='word_1_220' title='bbox 684 1481 943 1516; x_wconf 85' lang='lat' dir='ltr'>abdominibus</span> <span class='ocrx_word' id='word_1_221' title='bbox 958 1497 966 1526; x_wconf 84' lang='lat'><em>3</em></span> <span class='ocrx_word' id='word_1_222' title='bbox 991 1489 1126 1518; x_wconf 84' lang='lat' dir='ltr'>emissis</span> <span class='ocrx_word' id='word_1_223' title='bbox 1141 1489 1216 1519; x_wconf 89' lang='lat' dir='ltr'>ovis</span> <span class='ocrx_word' id='word_1_224' title='bbox 1232 1484 1460 1533; x_wconf 81' lang='lat' dir='ltr'>lactibusque</span> <span class='ocrx_word' id='word_1_225' title='bbox 1476 1499 1615 1521; x_wconf 85' lang='lat' dir='ltr'>marem</span> <span class='ocrx_word' id='word_1_226' title='bbox 1629 1501 1747 1525; x_wconf 83' lang='lat' dir='ltr'>rursus</span> 
     </span>
     <span class='ocr_line' id='line_1_25' title="bbox 145 1536 1747 1586; baseline 0.002 -10"><span class='ocrx_word' id='word_1_227' title='bbox 145 1541 279 1576; x_wconf 84' lang='lat' dir='ltr'>fossam</span> <span class='ocrx_word' id='word_1_228' title='bbox 299 1536 453 1585; x_wconf 88' lang='lat' dir='ltr'>implere</span> <span class='ocrx_word' id='word_1_229' title='bbox 474 1536 668 1571; x_wconf 87' lang='lat' dir='ltr'>cumulatis</span> <span class='ocrx_word' id='word_1_230' title='bbox 688 1536 880 1584; x_wconf 61' lang='lat' dir='ltr'>lapidibus</span> <span class='ocrx_word' id='word_1_231' title='bbox 907 1538 1011 1573; x_wconf 88' lang='lat' dir='ltr'>Idem</span> <span class='ocrx_word' id='word_1_232' title='bbox 1025 1546 1236 1575; x_wconf 83' lang='lat' dir='ltr'>asseveravit</span> <span class='ocrx_word' id='word_1_233' title='bbox 1256 1541 1369 1586; x_wconf 89' lang='lat' dir='ltr'>illud,</span> <span class='ocrx_word' id='word_1_234' title='bbox 1386 1542 1656 1579; x_wconf 77' lang='lat' dir='ltr'>salamunculos</span> <span class='ocrx_word' id='word_1_235' title='bbox 1669 1558 1747 1581; x_wconf 83' lang='lat' dir='ltr'>ma-</span> 
     </span>
     <span class='ocr_line' id='line_1_26' title="bbox 145 1592 1747 1649; baseline 0.004 -18"><span class='ocrx_word' id='word_1_236' title='bbox 145 1600 240 1644; x_wconf 88' lang='lat' dir='ltr'>jores</span> <span class='ocrx_word' id='word_1_237' title='bbox 263 1600 325 1643; x_wconf 85' lang='lat' dir='ltr'>qui</span> <span class='ocrx_word' id='word_1_238' title='bbox 347 1593 394 1628; x_wconf 83' lang='lat' dir='ltr'>ad</span> <span class='ocrx_word' id='word_1_239' title='bbox 412 1605 480 1627; x_wconf 87' lang='lat' dir='ltr'>nos</span> <span class='ocrx_word' id='word_1_240' title='bbox 496 1592 747 1628; x_wconf 86' lang='lat' dir='ltr'>Basiliensium</span> <span class='ocrx_word' id='word_1_241' title='bbox 766 1599 918 1629; x_wconf 88' lang='lat' dir='ltr'>nomine</span> <span class='ocrx_word' id='word_1_242' title='bbox 936 1594 1167 1642; x_wconf 72' lang='lat' dir='ltr'>adferuntur,</span> <span class='ocrx_word' id='word_1_243' title='bbox 1196 1597 1280 1632; x_wconf 85' lang='lat' dir='ltr'>ideo</span> <span class='ocrx_word' id='word_1_244' title='bbox 1305 1600 1460 1644; x_wconf 84' lang='lat' dir='ltr'>majores</span> <span class='ocrx_word' id='word_1_245' title='bbox 1480 1612 1578 1645; x_wconf 85' lang='lat' dir='ltr'>esse,</span> <span class='ocrx_word' id='word_1_246' title='bbox 1599 1607 1682 1649; x_wconf 81' lang='lat' dir='ltr'>quia</span> <span class='ocrx_word' id='word_1_247' title='bbox 1709 1608 1747 1637; x_wconf 89' lang='lat' dir='ltr'>in</span> 
     </span>
     <span class='ocr_line' id='line_1_27' title="bbox 144 1649 1748 1701; baseline 0.002 -12"><span class='ocrx_word' id='word_1_248' title='bbox 144 1653 307 1689; x_wconf 87' lang='lat' dir='ltr'>saltuoso</span> <span class='ocrx_word' id='word_1_249' title='bbox 327 1655 403 1685; x_wconf 84' lang='lat' dir='ltr'>rivo</span> <span class='ocrx_word' id='word_1_250' title='bbox 423 1651 548 1684; x_wconf 83' lang='lat' dir='ltr'>Wisen</span> <span class='ocrx_word' id='word_1_251' title='bbox 562 1649 609 1685; x_wconf 86' lang='lat' dir='ltr'>de</span> <span class='ocrx_word' id='word_1_252' title='bbox 625 1662 698 1697; x_wconf 86' lang='lat' dir='ltr'>quo</span> <span class='ocrx_word' id='word_1_253' title='bbox 717 1650 830 1685; x_wconf 82' lang='lat' dir='ltr'>modo</span> <span class='ocrx_word' id='word_1_254' title='bbox 850 1651 990 1685; x_wconf 85' lang='lat' dir='ltr'>dictum</span> <span class='ocrx_word' id='word_1_255' title='bbox 1005 1657 1207 1687; x_wconf 82' lang='lat' dir='ltr'>retinentur</span> <span class='ocrx_word' id='word_1_256' title='bbox 1226 1659 1263 1687; x_wconf 87' lang='lat' dir='ltr'>in</span> <span class='ocrx_word' id='word_1_257' title='bbox 1284 1655 1494 1701; x_wconf 76' lang='lat' dir='ltr'>gurgitibuS,</span> <span class='ocrx_word' id='word_1_258' title='bbox 1512 1656 1611 1691; x_wconf 87' lang='lat' dir='ltr'>unde</span> <span class='ocrx_word' id='word_1_259' title='bbox 1631 1658 1748 1694; x_wconf 81' lang='lat' dir='ltr'>redire</span> 
     </span>
     <span class='ocr_line' id='line_1_28' title="bbox 145 1707 1674 1754; baseline 0.001 -9"><span class='ocrx_word' id='word_1_260' title='bbox 145 1716 183 1746; x_wconf 91' lang='lat' dir='ltr'>in</span> <span class='ocrx_word' id='word_1_261' title='bbox 198 1709 371 1743; x_wconf 83' lang='lat' dir='ltr'>Rhenum</span> <span class='ocrx_word' id='word_1_262' title='bbox 394 1716 594 1753; x_wconf 85' lang='lat' dir='ltr'>nequeunt.</span> <span class='ocrx_word' id='word_1_263' title='bbox 621 1707 763 1740; x_wconf 84' lang='lat' dir='ltr'>Fascias</span> <span class='ocrx_word' id='word_1_264' title='bbox 781 1716 904 1741; x_wconf 86' lang='lat' dir='ltr'>autem</span> <span class='ocrx_word' id='word_1_265' title='bbox 930 1713 1148 1754; x_wconf 78' lang='lat' dir='ltr'>nigricantes</span> <span class='ocrx_word' id='word_1_266' title='bbox 1168 1718 1384 1745; x_wconf 82' lang='lat' dir='ltr'>transversas</span> <span class='ocrx_word' id='word_1_267' title='bbox 1406 1718 1514 1746; x_wconf 79' lang='lat' dir='ltr'>aetati</span> <span class='ocrx_word' id='word_1_268' title='bbox 1539 1713 1674 1749; x_wconf 74' lang='lat' dir='ltr'>deberi.</span> 
     </span>
    </p>

    <p class='ocr_par' dir='ltr' id='par_1_8' title="bbox 201 1764 1746 1812">
     <span class='ocr_line' id='line_1_29' title="bbox 201 1764 1746 1812; baseline 0.005 -12"><span class='ocrx_word' id='word_1_269' title='bbox 201 1766 322 1801; x_wconf 85' lang='lat' dir='ltr'>Pisces</span> <span class='ocrx_word' id='word_1_270' title='bbox 337 1768 376 1798; x_wconf 89' lang='lat' dir='ltr'>in</span> <span class='ocrx_word' id='word_1_271' title='bbox 388 1767 595 1797; x_wconf 84' lang='lat' dir='ltr'>universum</span> <span class='ocrx_word' id='word_1_272' title='bbox 609 1772 645 1798; x_wconf 87' lang='lat' dir='ltr'>et</span> <span class='ocrx_word' id='word_1_273' title='bbox 659 1768 853 1811; x_wconf 87' lang='lat' dir='ltr'>praecipue</span> <span class='ocrx_word' id='word_1_274' title='bbox 868 1775 914 1798; x_wconf 87' lang='lat' dir='ltr'>ex</span> <span class='ocrx_word' id='word_1_275' title='bbox 924 1764 1099 1799; x_wconf 77' lang='lat' dir='ltr'>salmonis</span> <span class='ocrx_word' id='word_1_276' title='bbox 1109 1777 1252 1812; x_wconf 83' lang='lat' dir='ltr'>genere,</span> <span class='ocrx_word' id='word_1_277' title='bbox 1265 1776 1384 1801; x_wconf 88' lang='lat' dir='ltr'>aetate</span> <span class='ocrx_word' id='word_1_278' title='bbox 1394 1773 1529 1803; x_wconf 85' lang='lat' dir='ltr'>variare</span> <span class='ocrx_word' id='word_1_279' title='bbox 1541 1779 1672 1806; x_wconf 89' lang='lat' dir='ltr'>notum</span> <span class='ocrx_word' id='word_1_280' title='bbox 1684 1781 1746 1807; x_wconf 84' lang='lat' dir='ltr'>est.</span> 
     </span>
    </p>
   </div>
   <div class='ocr_carea' id='block_1_3' title="bbox 605 1849 1296 1895">
    <p class='ocr_par' dir='ltr' id='par_1_9' title="bbox 605 1849 1296 1895">
     <span class='ocr_line' id='line_1_30' title="bbox 605 1849 1296 1895; baseline 0.004 -3"><span class='ocrx_word' id='word_1_281' title='bbox 605 1849 879 1894; x_wconf 91' lang='lat' dir='ltr'><strong>SALMO</strong></span> <span class='ocrx_word' id='word_1_282' title='bbox 929 1852 1296 1895; x_wconf 88' lang='lat' dir='ltr'><strong>ALPINUS.</strong></span> 
     </span>
    </p>
   </div>
   <div class='ocr_carea' id='block_1_4' title="bbox 146 1931 1746 2322">
    <p class='ocr_par' dir='ltr' id='par_1_10' title="bbox 146 1931 1746 2262">
     <span class='ocr_line' id='line_1_31' title="bbox 203 1931 1744 1981; baseline 0.005 -14"><span class='ocrx_word' id='word_1_283' title='bbox 203 1934 261 1967; x_wconf 85' lang='lat' dir='ltr'>Ex</span> <span class='ocrx_word' id='word_1_284' title='bbox 274 1931 357 1966; x_wconf 87' lang='lat' dir='ltr'>lacu</span> <span class='ocrx_word' id='word_1_285' title='bbox 368 1931 523 1978; x_wconf 77' lang='lat' dir='ltr'>Tugano</span> <span class='ocrx_word' id='word_1_286' title='bbox 539 1941 709 1978; x_wconf 86' lang='lat' dir='ltr'>acceptus</span> <span class='ocrx_word' id='word_1_287' title='bbox 729 1932 827 1978; x_wconf 73' lang='lat'>1786.</span> <span class='ocrx_word' id='word_1_288' title='bbox 849 1931 953 1968; x_wconf 88' lang='lat' dir='ltr'>Febr.</span> <span class='ocrx_word' id='word_1_289' title='bbox 968 1945 989 1967; x_wconf 88' lang='lat' dir='ltr'>a</span> <span class='ocrx_word' id='word_1_290' title='bbox 1004 1933 1080 1967; x_wconf 92' lang='lat' dir='ltr'>Do.</span> <span class='ocrx_word' id='word_1_291' title='bbox 1096 1932 1260 1968; x_wconf 86' lang='lat' dir='ltr'>Paschio.</span> <span class='ocrx_word' id='word_1_292' title='bbox 1271 1933 1466 1981; x_wconf 85' lang='lat' dir='ltr'>Specimen</span> <span class='ocrx_word' id='word_1_293' title='bbox 1481 1941 1561 1971; x_wconf 87' lang='lat' dir='ltr'>misi</span> <span class='ocrx_word' id='word_1_294' title='bbox 1576 1937 1744 1975; x_wconf 81' lang='lat' dir='ltr'>Pallanti.</span> 
     </span>
     <span class='ocr_line' id='line_1_32' title="bbox 148 1986 1746 2033; baseline 0.003 -8"><span class='ocrx_word' id='word_1_295' title='bbox 148 1992 382 2025; x_wconf 86' lang='lat' dir='ltr'>Conveniunt</span> <span class='ocrx_word' id='word_1_296' title='bbox 401 1986 629 2022; x_wconf 86' lang='lat' dir='ltr'>characteres</span> <span class='ocrx_word' id='word_1_297' title='bbox 654 1988 803 2033; x_wconf 88' lang='lat' dir='ltr'>Artedi,</span> <span class='ocrx_word' id='word_1_298' title='bbox 831 1988 894 2023; x_wconf 87' lang='lat' dir='ltr'>sed</span> <span class='ocrx_word' id='word_1_299' title='bbox 919 1988 1031 2023; x_wconf 82' lang='lat' dir='ltr'>latera</span> <span class='ocrx_word' id='word_1_300' title='bbox 1052 1989 1219 2024; x_wconf 78' lang='lat' dir='ltr'>coerulea</span> <span class='ocrx_word' id='word_1_301' title='bbox 1239 2002 1315 2024; x_wconf 86' lang='lat' dir='ltr'>non</span> <span class='ocrx_word' id='word_1_302' title='bbox 1337 1990 1500 2027; x_wconf 82' lang='lat' dir='ltr'>observo.</span> <span class='ocrx_word' id='word_1_303' title='bbox 1529 1994 1602 2028; x_wconf 86' lang='lat' dir='ltr'>Alii</span> <span class='ocrx_word' id='word_1_304' title='bbox 1623 2006 1746 2031; x_wconf 76' lang='lat' dir='ltr'>ventre</span> 
     </span>
     <span class='ocr_line' id='line_1_33' title="bbox 146 2043 1746 2091; baseline 0.004 -10"><span class='ocrx_word' id='word_1_305' title='bbox 146 2055 183 2081; x_wconf 89' lang='lat' dir='ltr'>et</span> <span class='ocrx_word' id='word_1_306' title='bbox 194 2057 303 2080; x_wconf 84' lang='lat' dir='ltr'>carne</span> <span class='ocrx_word' id='word_1_307' title='bbox 322 2043 437 2079; x_wconf 84' lang='lat' dir='ltr'>rubris</span> <span class='ocrx_word' id='word_1_308' title='bbox 448 2043 528 2088; x_wconf 89' lang='lat' dir='ltr'>,alii</span> <span class='ocrx_word' id='word_1_309' title='bbox 542 2057 628 2078; x_wconf 87' lang='lat' dir='ltr'>non.</span> <span class='ocrx_word' id='word_1_310' title='bbox 649 2043 781 2079; x_wconf 88' lang='lat' dir='ltr'>Scribit</span> <span class='ocrx_word' id='word_1_311' title='bbox 795 2044 966 2080; x_wconf 79' lang='lat' dir='ltr'>Paschius</span> <span class='ocrx_word' id='word_1_312' title='bbox 982 2045 1052 2079; x_wconf 73' lang='lat' dir='ltr'>dici</span> <span class='ocrx_word' id='word_1_313' title='bbox 1065 2046 1111 2080; x_wconf 81' lang='lat' dir='ltr'>nb</span> <span class='ocrx_word' id='word_1_314' title='bbox 1127 2046 1262 2081; x_wconf 86' lang='lat' dir='ltr'>accolis</span> <span class='ocrx_word' id='word_1_315' title='bbox 1274 2046 1374 2082; x_wconf 81' lang='lat' dir='ltr'>lacus</span> <span class='ocrx_word' id='word_1_316' title='bbox 1385 2075 1393 2091; x_wconf 93' lang='lat'>,</span> <span class='ocrx_word' id='word_1_317' title='bbox 1410 2049 1609 2085; x_wconf 68' lang='lat' dir='ltr'>Decembri</span> <span class='ocrx_word' id='word_1_318' title='bbox 1621 2063 1746 2088; x_wconf 79' lang='lat' dir='ltr'>omnes</span> 
     </span>
     <span class='ocr_line' id='line_1_34' title="bbox 146 2100 1746 2152; baseline 0.004 -16"><span class='ocrx_word' id='word_1_319' title='bbox 146 2102 274 2138; x_wconf 87' lang='lat' dir='ltr'>rubros</span> <span class='ocrx_word' id='word_1_320' title='bbox 297 2113 372 2135; x_wconf 84' lang='lat' dir='ltr'>esse</span> <span class='ocrx_word' id='word_1_321' title='bbox 387 2128 395 2145; x_wconf 92' lang='lat'>,</span> <span class='ocrx_word' id='word_1_322' title='bbox 410 2100 577 2148; x_wconf 79' lang='lat' dir='ltr'>Augusto</span> <span class='ocrx_word' id='word_1_323' title='bbox 594 2113 720 2136; x_wconf 81' lang='lat' dir='ltr'>omnes</span> <span class='ocrx_word' id='word_1_324' title='bbox 740 2101 854 2136; x_wconf 87' lang='lat' dir='ltr'>albos.</span> <span class='ocrx_word' id='word_1_325' title='bbox 881 2102 1019 2136; x_wconf 82' lang='lat' dir='ltr'>Venter</span> <span class='ocrx_word' id='word_1_326' title='bbox 1037 2102 1235 2150; x_wconf 80' lang='lat' dir='ltr'>subplanus</span> <span class='ocrx_word' id='word_1_327' title='bbox 1255 2114 1316 2138; x_wconf 85' lang='lat' dir='ltr'>aut</span> <span class='ocrx_word' id='word_1_328' title='bbox 1337 2105 1531 2152; x_wconf 62' lang='lat' dir='ltr'>quadi-aus</span> <span class='ocrx_word' id='word_1_329' title='bbox 1549 2105 1620 2141; x_wconf 57' lang='lat' dir='ltr'>fere</span> <span class='ocrx_word' id='word_1_330' title='bbox 1640 2114 1746 2144; x_wconf 79' lang='grc'><strong>1111111</strong></span> 
     </span>
     <span class='ocr_line' id='line_1_35' title="bbox 148 2157 1746 2208; baseline 0.003 -14"><span class='ocrx_word' id='word_1_331' title='bbox 148 2168 330 2194; x_wconf 79' lang='lat' dir='ltr'>exocoeto</span> <span class='ocrx_word' id='word_1_332' title='bbox 350 2157 439 2191; x_wconf 86' lang='grc'><strong>1111111</strong></span> <span class='ocrx_word' id='word_1_333' title='bbox 458 2164 551 2193; x_wconf 83' lang='lat' dir='ltr'>visus</span> <span class='ocrx_word' id='word_1_334' title='bbox 576 2168 637 2193; x_wconf 82' lang='lat' dir='ltr'>est.</span> <span class='ocrx_word' id='word_1_335' title='bbox 663 2160 920 2193; x_wconf 85' lang='lat' dir='ltr'>Peritonaeum</span> <span class='ocrx_word' id='word_1_336' title='bbox 941 2158 1215 2194; x_wconf 67' lang='lat' dir='ltr'>immaculatum</span> <span class='ocrx_word' id='word_1_337' title='bbox 1236 2159 1430 2208; x_wconf 79' lang='lat' dir='ltr'>splendore</span> <span class='ocrx_word' id='word_1_338' title='bbox 1449 2172 1621 2208; x_wconf 71' lang='lat' dir='ltr'>argenteo</span> <span class='ocrx_word' id='word_1_339' title='bbox 1646 2163 1746 2200; x_wconf 73' lang='lat' dir='ltr'>haud</span> 
     </span>
     <span class='ocr_line' id='line_1_36' title="bbox 148 2214 1745 2262; baseline 0.005 -13"><span class='ocrx_word' id='word_1_340' title='bbox 148 2220 289 2262; x_wconf 82' lang='lat' dir='ltr'>insigni.</span> <span class='ocrx_word' id='word_1_341' title='bbox 316 2216 374 2249; x_wconf 82' lang='lat' dir='ltr'>Ex</span> <span class='ocrx_word' id='word_1_342' title='bbox 393 2219 555 2262; x_wconf 86' lang='lat' dir='ltr'>quinque</span> <span class='ocrx_word' id='word_1_343' title='bbox 568 2228 662 2251; x_wconf 87' lang='lat' dir='ltr'>unus</span> <span class='ocrx_word' id='word_1_344' title='bbox 676 2221 751 2252; x_wconf 82' lang='lat' dir='ltr'>ovis</span> <span class='ocrx_word' id='word_1_345' title='bbox 768 2214 886 2251; x_wconf 84' lang='lat' dir='ltr'>foetus</span> <span class='ocrx_word' id='word_1_346' title='bbox 904 2215 1157 2262; x_wconf 73' lang='lat' dir='ltr'>magnitudine</span> <span class='ocrx_word' id='word_1_347' title='bbox 1175 2222 1320 2252; x_wconf 83' lang='lat' dir='ltr'>seminis</span> <span class='ocrx_word' id='word_1_348' title='bbox 1334 2217 1516 2252; x_wconf 75' lang='lat' dir='ltr'>cannabis.</span> <span class='ocrx_word' id='word_1_349' title='bbox 1549 2220 1745 2257; x_wconf 69' lang='lat' dir='ltr'>vertebrae</span> 
     </span>
    </p>

    <p class='ocr_par' dir='ltr' id='par_1_11' title="bbox 1391 2276 1505 2322">
     <span class='ocr_line' id='line_1_37' title="bbox 1391 2276 1505 2322; baseline 0 -14"><span class='ocrx_word' id='word_1_350' title='bbox 1391 2276 1456 2322; x_wconf 86' lang='lat' dir='ltr'>Pp</span> <span class='ocrx_word' id='word_1_351' title='bbox 1483 2288 1505 2309; x_wconf 80' lang='lat'><strong>2</strong></span> 
     </span>
    </p>
   </div>
  </div>
 </body>
</html>
