2054 2748
871 169 900 195 Λ
932 167 962 195 V
995 168 1020 194 E
1054 166 1085 195 S.
1700 175 1777 219 103

160 265 313 301 magnas
332 251 495 287 maculas
515 251 616 287 albas
637 251 775 286 offerre.
804 259 850 298 7.0
870 251 966 297 Quia
985 256 1138 298 remiges
1158 263 1237 286 non
1252 258 1483 289 transversim
1497 253 1666 292 fasciatae
1681 268 1776 304 sunt,

163 322 286 358 neque
318 315 440 357 apices
471 308 556 343 albi.
601 310 648 344 3⁰
678 309 773 354 Quia
801 313 971 342 rectrices
1000 314 1104 356 apice
1140 321 1218 344 non
1249 309 1356 345 albae
1384 310 1448 345 sed
1482 317 1647 348 cinereae
1680 326 1775 351 sunt.

160 369 212 415 9⁰
232 368 328 413 Quia
349 372 409 400 iris
428 379 504 400 non
525 366 614 401 flava
635 375 708 411 est,
728 365 791 400 sed
812 364 1012 400 avellanea.
1045 374 1114 401 10.⁰
1130 367 1226 412 Quia
1245 366 1325 412 diu,
1345 368 1500 416 pedibus
1521 369 1637 416 ligatis
1658 383 1776 418 gesta-

163 433 241 469 tus,
262 423 407 458 nullam
427 423 628 458 clamosam
649 434 779 458 vocem
795 421 929 465 edidit3
951 433 1063 469 quam
1082 432 1207 457 tamen
1228 423 1416 461 Buffonius
1435 426 1632 475 tribuitsp.
1647 440 1703 475 91.
1718 442 1774 476 92.

236 483 334 528 Ergo
357 480 575 515 crediderim
601 478 675 513 sere
699 491 835 514 novam
862 491 938 514 esse
963 484 1134 528 speciem.
1162 481 1388 530 Selmefsen‘
1411 485 1510 519 Icon
1537 487 1580 520 m
1610 498 1776 522 musaeo

159 538 454 586 omiclcologcco
475 536 629 586 pulchre
654 542 838 572 convenit.

232 596 419 630 Rostrum
438 599 640 641 nigricans,
664 593 770 628 nullo
791 594 982 630 denticulo
1000 594 1172 630 maxillae
1191 602 1404 645 superloris:
1432 599 1585 636 maxilla
1604 601 1776 638 inferiore

158 660 336 686 truncata.
365 651 472 686 Setae
491 650 634 699 aliquot
653 651 720 686 sub
745 662 873 687 mento
899 652 1127 701 divergentes
1143 681 1150 699 ,
1169 664 1232 690 aut
1250 661 1371 703 potius
1389 662 1428 692 in
1446 657 1571 693 medio
1595 665 1702 697 rostri
1720 666 1776 696 in·

159 707 298 742 ferioris
319 707 470 743 barbam
493 715 595 758 quasi
618 708 782 758 aliquam
805 709 1016 747 formantes.

231 766 358 813 Regio
379 772 474 801 inter
493 766 621 801 oculos
642 777 677 802 et
698 777 857 802 rostrum
880 774 963 803 setis
984 768 1138 804 radiatis.

230 823 398 857 Panna&
417 829 543 871 capitis
563 823 669 858 laxae
689 824 752 858 sed
776 837 853 860 non
872 825 980 862 valde
999 831 1239 862 acuminatae.

230 880 383 914 Remea:
406 891 534 928 quarta
558 880 779 928 longissima.

230 938 454 971 Reccn'cmn
483 937 559 972 basi
588 938 775 982 albarum,
804 949 875 973 tres
899 938 1030 974 fasciae
1060 946 1099 974 in
1126 946 1272 976 cinereo
1298 941 1413 977 fundo
1443 949 1589 992 nigrae,
1618 957 1773 993 quarum

156 997 251 1039 apici
278 999 445 1040 proxima
474 993 646 1028 latissima
674 1004 710 1029 et
733 994 978 1042 amplissima,
1004 995 1168 1044 reliquae
1195 997 1356 1034 multum
1383 1000 1610 1038 decrescunt.
1639 1002 1774 1047 Subtus]

155 1054 351 1097 praecipue
369 1055 408 1084 in
430 1049 547 1085 fundo
569 1050 723 1086 clariore
743 1051 852 1087 fascia
871 1051 945 1087 lata
970 1059 1169 1101 conspicua
1189 1064 1250 1089 est.

227 1107 406 1142 Braccae
424 1113 584 1155 insignes
605 1108 813 1144 maculatae
834 1112 887 1144 uti
911 1109 1033 1157 pedes.
1060 1111 1260 1147 Friscltius
1281 1112 1395 1149 habet
1417 1121 1577 1163 speciem
1612 1117 1691 1152 [ab.
1717 1119 1772 1165 75.

154 1176 248 1211 quae
284 1170 417 1212 pariter
449 1165 561 1213 pedes
590 1165 637 1200 ad
677 1166 810 1214 digitos
851 1179 967 1215 usque
996 1166 1189 1215 plumosos
1226 1167 1358 1214 habet,
1399 1172 1463 1206 sed
1492 1184 1601 1221 caput
1635 1175 1770 1210 album.

154 1219 319 1267 Buffon.
347 1224 377 1256 I.
395 1235 432 1268 p.
454 1223 532 1257 256.
558 1235 624 1270 pro
644 1229 815 1258 varietate
834 1223 990 1258 falconis
1014 1223 1158 1270 gentilis
1178 1225 1284 1259 illum
1306 1226 1428 1264 habet.

227 1279 315 1311 Non
345 1288 397 1312 cst
410 1279 530 1323 falco
553 1279 720 1326 pedibus
740 1282 930 1326 pennatis
957 1280 1131 1316 Brissozz.
1154 1281 1196 1314 T.
1220 1282 1278 1316 VI.
1302 1282 1490 1330 Supplem.
1517 1298 1551 1333 p.
1567 1298 1622 1321 22.
1649 1287 1721 1323 tab.
1743 1303 1770 1325 1.

153 1335 204 1369 Le
224 1332 359 1368 faucon
377 1346 475 1382 patu.
504 1335 618 1369 Color
636 1341 831 1382 praecipue
850 1336 989 1370 caudae
1014 1348 1091 1370 non
1116 1344 1300 1373 convenit.

225 1391 267 1424 In
286 1389 512 1434 ventricul07
533 1389 635 1437 quod
655 1394 805 1424 miratus
823 1401 902 1424 sum
918 1416 925 1434 ‚
942 1395 1059 1437 reperi
1075 1389 1164 1425 duas
1181 1403 1325 1439 quartas
1347 1405 1468 1442 partes
1488 1397 1611 1433 nuclei
1628 1401 1770 1448 juglan-

153 1446 207 1482 dis
227 1453 394 1494 integras.

223 1503 438 1539 Nonnullae
457 1503 637 1538 ascarides
656 1503 898 1552 tripollicares
916 1508 954 1537 in
974 1503 1161 1539 duodeno

226 1561 321 1595 Mira
343 1565 400 1595 avi
419 1565 598 1595 vivacitas.
626 1562 790 1595 Primum
819 1573 885 1609 per
909 1566 1073 1609 quinque
1098 1561 1211 1598 horae
1238 1569 1379 1600 minuta
1407 1566 1548 1603 collum
1571 1578 1768 1611 arctissime

153 1622 374 1653 constrinxi:
395 1626 523 1664 postea
546 1630 612 1665 per
626 1618 846 1653 tantundem
865 1617 939 1652 sere
959 1625 1135 1666 temporis
1149 1619 1202 1654 bis
1223 1621 1372 1657 obtorto
1393 1623 1493 1658 collo
1508 1637 1666 1664 rostrum
1680 1644 1767 1679 pec—

151 1679 221 1711 tori
241 1687 454 1722 appressum
472 1680 594 1718 tenui3
623 1675 772 1710 tandem
792 1685 919 1723 pectus
938 1675 1000 1709 diu
1022 1675 1115 1709 adeo
1142 1684 1341 1726 compressi
1363 1690 1403 1715 ut
1426 1692 1657 1721 occursantes
1677 1689 1768 1737 (ligi-

149 1741 273 1767 torum
292 1736 412 1778 apices
433 1736 616 1765 sentirem.
655 1733 708 1766 Ita
728 1742 894 1767 mortuae
918 1731 1046 1767 similis
1070 1733 1199 1769 artifici
1223 1735 1271 1771 ad
1294 1735 1522 1774 farciendum
1544 1748 1650 1779 missa
1668 1773 1676 1780 ,
1704 1746 1767 1782 ubi

149 1787 239 1824 illuc
259 1793 357 1825 venit
376 1787 595 1824 vividissima
616 1798 757 1836 reperta
775 1798 829 1824 est
851 1794 937 1825 avis.
1668 1781 1675 1791 ²

222 1960 336 1995 Aliud
356 1959 588 1996 individuum
605 1961 717 2011 paulo
740 1964 876 2010 majus⁷
900 1963 1078 2009 albidius,
1102 1964 1195 2000 forte
1215 1965 1366 2014 femina,
1387 1966 1454 2015 (an
1473 1977 1624 2008 varietas
1640 1973 1674 2022 Ἰ)
1693 1975 1762 2010 ΛΟ.

154 2028 252 2065 1790.
275 2017 308 2052 d.
329 2026 361 2059 4.
382 2018 476 2060 Dec.
502 2025 802 2068 temperatissima
821 2027 999 2057 existente
1018 2024 1274 2072 atinosphaera
1294 2039 1452 2076 captum.

222 2075 293 2108 Vix
313 2074 429 2110 altero
449 2077 568 2122 major
586 2090 686 2112 nunc
707 2088 760 2113 est
780 2078 869 2113 dum
890 2078 1010 2114 sartuS.
1039 2080 1250 2129 Antequam
1269 2083 1378 2122 sarius
1405 2098 1497 2124 esset
1517 2089 1589 2124 vidi
1612 2088 1760 2136 quidem

150 2129 213 2164 sed
236 2133 471 2167 examinandi
491 2143 635 2183 tempus
658 2134 782 2171 defuit.
812 2137 935 2182 Major
959 2146 1046 2171 tunc
1072 2138 1161 2173 mihi
1186 2146 1279 2176 visus
1299 2154 1375 2179 erat
1399 2144 1465 2180 illo
1489 2146 1603 2179 altero
1628 2151 1758 2193 priore.

222 2187 396 2234 Habitus,
427 2202 606 2240 rostrum⁷
635 2192 832 2242 longitudo
855 2193 1016 2241 alarum,
1047 2193 1159 2232 barba
1177 2208 1263 2235 ante
1284 2212 1469 2248 mentum,
1490 2212 1610 2238 cetera
1631 2209 1757 2240 omnia

149 2249 398 2289 conveniunt3
426 2247 490 2282 sed
