2054 2748
281 153 362 198 502
664 141 1134 176 OBSERVATIONES
1181 140 1538 170 ZOOLOGICAE.

357 233 510 270 Habitat
532 237 569 266 in
589 230 778 273 America⁷
801 234 878 263 sine
902 225 1015 261 dubio
1041 227 1215 261 Jamaica.

360 294 502 338 Corpus
530 287 733 330 brunciale,
767 295 1039 331 compressum,
1072 288 1193 317 antice
1222 291 1453 326 truncatum,
1485 286 1626 328 postiee
1645 289 1900 328 angustatum,

285 342 517 397 alepidotum
530 374 538 390 ,
557 353 769 391 argenteum
781 369 789 385 ,
804 341 914 375 dorso
934 345 1134 376 virescente
1152 339 1254 374 fusco
1269 366 1276 383 ‚
1298 351 1398 386 pone
1413 344 1564 386 pinnam
1580 337 1763 373 dorsalcm
1778 336 1902 384 gibbo,

287 408 471 454 Apertura
494 401 749 437 branchiamm
763 397 931 445 obliqua,
955 397 1142 443 subrecta,
1167 395 1349 445 operculis*
1363 394 1540 430 mollibus
1560 404 1622 429 aut
1637 400 1759 442 potius
1779 393 1902 439 nullis,

288 462 503 498 membrana
525 457 803 503 branchiostcga
824 454 938 489 nulla.
968 457 1100 489 Carina
1124 452 1275 488 dorsalis
1292 451 1432 501 duplex
1451 452 1642 499 divergens
1662 463 1782 486 versus
1800 463 1904 486 nares

288 531 425 568 parvas,
454 514 562 551 Oculi
576 519 708 560 magni.
730 512 780 547 Os
799 517 951 557 simum,
968 510 1319 560 perpendiculariter
1338 509 1470 544 fissum.
1499 512 1642 545 Dentes
1662 512 1904 542 minutissimi.

289 579 431 623 Lingua
453 584 584 615 crassa.
601 571 734 605 adnata
750 598 758 615 ,
775 582 910 617 aspera.
939 569 1093 604 Labium
1108 573 1270 617 superius
1284 567 1392 602 breve
1406 595 1415 611 ,
1429 565 1577 601 inferius
1590 564 1906 614 perpendiculare3

289 633 414 668 medio
432 628 581 665 sinubus
602 638 761 676 quatuor
781 625 1111 661 semicircularibus
1129 625 1304 673 depressis
1317 653 1325 669 ‚
1341 630 1462 659 carina
1482 623 1670 658 distinctis.
1697 623 1788 657 Tres
1807 626 1906 656 sinus

291 688 424 723 similes
448 685 516 721 sub
535 694 705 734 apertura
727 683 996 718 branchiarum.
1022 682 1143 717 Sterni
1169 681 1280 729 plana
1302 682 1375 716 duo
1397 680 1664 728 decemplicata
1682 685 1720 714 in
1744 684 1907 713 carinam

291 743 515 794 pellucidam
532 747 779 777 conniventia.
808 740 1030 775 Abdominis
1045 745 1144 774 sinus
1161 738 1353 786 angulatus
1368 743 1547 786 posterius
1565 737 1737 771 trifariam
1755 741 1907 780 excisus,

291 801 504 838 membrana
531 799 720 848 pellucida
749 810 940 833 connexus
968 802 1094 845 spinae
1123 795 1376 840 abdominait‚
1409 794 1622 829 articulatae
1639 821 1648 838 7
1674 791 1907 840 pellucidae,

291 865 351 894 cui
373 858 505 892 insidet
536 862 650 904 pinna
677 854 802 890 analis.
839 856 953 889 Linea
980 852 1140 888 lateralis
1170 852 1283 887 nulla.
1310 853 1450 886 Pinnae
1469 850 1673 900 pectorales
1696 854 1910 893 succineae,

293 928 378 950 curn
407 926 543 948 cornea
573 912 768 947 oculorum
798 911 989 958 caudaque
1013 909 1135 945 bifida.
1175 911 1293 945 Pinna
1321 909 1420 944 dorsi
1445 908 1580 943 adnata
1604 907 1705 942 radio
1729 905 1884 953 obliquo
1901 932 1910 950 ,

294 977 444 1019 spinoso
458 998 466 1014 ⁷
486 969 608 1004 valido
626 996 634 1011 ,
657 968 862 1009 immobili3
890 973 948 1001 cui
968 977 1157 1014 praetensa
1177 966 1391 1001 membrana
1409 971 1572 1012 margine
1593 968 1801 1000 tenuissime
1821 961 1913 996 den-

293 1027 454 1063 ticulata.
483 1027 520 1059 B.
534 1038 566 1059 o.
587 1024 636 1058 D.
653 1027 684 1061 {²9
708 1024 747 1058 P.
765 1024 797 1057 S.
824 1023 867 1056 V.
887 1035 919 1056 o.
943 1023 986 1056 A.
1010 1023 1061 1057 13.
1082 1025 1121 1056 C.
1143 1029 1200 1063 4ο.

368 1079 539 1128 Amplius
559 1091 579 1112 a
601 1089 659 1110 me
683 1077 884 1122 descriptus
906 1080 1014 1122 piscis
1034 1076 1103 1108 Ao.
1124 1077 1225 1120 1781.
1242 1080 1280 1107 in
1298 1074 1610 1119 Naczwforsclzer
1622 1074 1668 1108 P.
1686 1074 1805 1107 XVI.
1826 1086 1863 1120 p.
1879 1075 1912 1109 8.

296 1137 375 1174 cab.
398 1136 508 1183 [sig.
529 1149 555 1169 1.
573 1147 603 1168 ιι.
628 1141 664 1167 et
681 1131 882 1167 RXVIJ.
898 1137 1028 1178 p.249.
1059 1131 1189 1165 Exstat
1210 1135 1249 1164 in
1265 1130 1632 1177 L11111aeiSysc.nczc.
1658 1129 1716 1164 ed.
1736 1129 1912 1165 Gmelln.

293 1194 458 1242 '²'¹¹5⁰'
692 1233 1182 1278 TRACHINUS
1233 1233 1528 1279 DRACO.

369 1321 415 1355 IN
434 1330 519 1352 meo
542 1320 733 1364 sequentia
758 1313 935 1349 observo:

373 1376 481 1410 Radit
503 1380 639 1423 pinnae
667 1371 819 1407 dorsalis
844 1375 972 1418 prioris
993 1380 1200 1417 pungentes
1220 1379 1386 1417 quatuor.
1414 1368 1641 1417 Operculum
1665 1380 1791 1416 margo
1812 1367 1916 1403 basin

301 1439 498 1483 pinnarum
525 1428 767 1479 pectoralium
796 1438 932 1474 tegens.
968 1427 1099 1473 Margo
1129 1431 1195 1460 iste
1228 1425 1444 1473 pellucidus.
1472 1425 1606 1459 Serrati
1632 1424 1724 1459 nihil
1750 1424 1916 1460 observo,

300 1490 362 1526 Ad
381 1500 591 1537 supremam
617 1484 781 1534 operculi
802 1488 1079 1518 commissuram
1107 1487 1211 1529 spina
1238 1480 1466 1515 recumbens.
1493 1481 1592 1514 Ante
1621 1493 1702 1514 earn
1724 1486 1763 1514 in
1792 1480 1915 1514 medio

300 1545 467 1596 operculi
485 1544 585 1579 disco
601 1548 691 1576 rima
713 1540 845 1585 ovalis,
865 1553 930 1588 per
948 1550 1060 1588 quam
1079 1547 1271 1586 argenteus
1289 1536 1466 1585 splendor
1485 1542 1577 1572 cutis
1605 1535 1770 1584 refulget.
1796 1537 1916 1584 Aper-

301 1615 420 1639 turam
440 1607 536 1636 intus
560 1600 608 1635 ad
630 1599 733 1634 basin
760 1603 958 1646 pinnarum
977 1594 1223 1644 pectoralium
1241 1593 1408 1629 hiantem
1430 1598 1645 1642 conspicere
1664 1593 1755 1628 mihi
1783 1593 1917 1630 videor.

301 1661 446 1696 Dentes
471 1662 591 1705 exigui
610 1668 677 1704 per
694 1654 929 1690 maxillarum
949 1652 1140 1688 ambitum.

704 1740 1117 1785 ECHENEIS
1162 1737 1526 1782 REMORA.

375 1825 450 1858 EsT
477 1820 569 1855 mihi
601 1829 745 1854 scutum
774 1830 949 1865 magnum
979 1817 1219 1864 longitudinis
1247 1816 1587 1866 quadripollicaris,
1615 1819 1673 1849 cui
1706 1823 1791 1849 sunt
1822 1813 1914 1848 sulci

304 1884 433 1927 viginti
458 1890 570 1922 unus,
592 1886 632 1911 ut
653 1876 746 1910 adeo
770 1887 892 1923 neque
914 1874 960 1909 ad
986 1886 1170 1908 remoram
1193 1886 1315 1923 neque
1334 1873 1382 1908 ad
1401 1883 1637 1917 nauci-atem,
1662 1881 1699 1906 et
1718 1871 1764 1906 ad
1781 1882 1918 1906 utram-

306 1949 377 1985 que
399 1934 532 1970 eodem
548 1935 624 1980 jure
645 1933 767 1967 referri
789 1938 911 1980 possit.
939 1931 999 1965 An
1021 1940 1139 1965 aetate
1158 1931 1418 1979 progrediente
1437 1929 1530 1965 sulci
1543 1939 1724 1976 augentur
1737 1940 1892 1963 numero
1903 1928 1920 1964 ’ἶ

305 1995 452 2029 Rectius
473 1996 610 2039 species
631 2003 675 2024 cx
691 1989 829 2025 caudae
853 1988 970 2022 forma
993 1987 1166 2034 distingui
1181 1987 1271 2022 mihi
1290 1988 1470 2022 videntur.
1498 1988 1594 2021 Nam
1617 1986 1825 2022 distinctam
1839 1997 1920 2032 spc-

308 2056 401 2085 ciem
422 2060 497 2084 esse
520 2060 598 2082 non
618 2047 728 2082 credo
752 2059 798 2081 ex
818 2059 889 2094 qua
909 2055 1054 2080 scutum
1074 2055 1208 2078 meum.
1235 2046 1315 2078 Nisi
1330 2050 1374 2079 sit
1394 2042 1651 2078 nauci-amidis.

675 2131 1043 2178 COTTUS?
1089 2130 1345 2175 SIMUS.
1390 2130 1551 2174 Nobis.

385 2215 538 2251 Vercice
562 2213 862 2260 superciliisque
885 2211 1321 2256 catinam-mzm'cczcls7
1346 2221 1409 2244 ore
1430 2211 1542 2244 simo,
