2054 2748
873 128 902 156 A
934 128 963 158 V
997 130 1022 156 Γ.
1055 129 1086 157 S.
1709 135 1779 178 191

248 215 386 251 Eadem
408 214 500 249 mihi
523 212 685 248 Metibus
711 217 817 247 missa
842 224 862 246 a
888 214 1110 258 Becoeurio,
1136 210 1200 247 sed
1220 210 1413 247 deficiebat
1438 219 1536 260 regio
1561 218 1660 252 nuda
1685 230 1783 266 pone

177 272 315 307 oculos.
341 274 492 307 Nomen
515 269 571 305 illi
597 269 697 305 dedit
723 269 759 304 le
776 269 908 317 grand
923 269 1116 312 Pluvier,
1140 274 1204 318 qui
1223 279 1277 304 est
1295 269 1504 305 charadrius
1524 273 1760 310 oedicnemus
1779 304 1787 322 ‚

174 331 292 365 Limz.
317 329 391 364 Sed
406 341 474 363 neo
495 328 690 376 descriptio
707 339 776 362 nec
796 332 881 361 icon
897 330 936 360 in
957 326 1127 362 omnibus
1147 331 1330 362 convenit.

246 387 384 433 Magna
413 384 579 420 confusio
607 384 697 419 mihi
724 388 761 418 in
784 383 853 418 hac
879 395 944 418 ave
965 382 1116 418 videtur.
1144 385 1274 418 Meum
1298 389 1486 432 specimen
1506 385 1616 419 Meus
1637 393 1786 423 missum

176 442 319 477 ostendi
339 444 440 477 Dno.
461 442 507 477 de
533 442 690 477 Steinert
714 440 937 488 (vigiliarum
958 439 1142 487 praefecto
1164 439 1317 488 legionis
1332 440 1573 488 Muraltinae)
1590 470 1598 487 ⁷
1614 448 1677 490 qui
1692 457 1786 480 asse-

173 505 308 535 veravit
325 511 400 534 esse
420 511 524 535 avem
539 500 734 544 Huningae
753 496 894 542 Com-ly
909 495 1062 541 dictam,
1080 506 1186 532 acute
1200 498 1416 532 stridentem
1429 510 1521 533 sono
1539 499 1787 548 Οοιινννϊε-ζγ,

174 562 350 603 ocyssime
370 566 596 599 currentem,
615 553 728 602 dupla
747 558 846 588 canis
866 552 1083 599 velocitate,
1102 553 1293 603 longoque
1311 555 1503 592 intervallo
1524 569 1666 592 currere
1682 567 1785 592 antc-

174 625 286 661 quam
303 612 434 648 evolet.
461 614 503 646 In
520 610 649 645 mediis
668 610 788 645 Rheni
807 610 933 645 insulis
950 610 1121 658 glareosis
1140 622 1175 647 et
1190 611 1364 660 lapidosis
1386 614 1516 661 degere
1535 623 1572 648 et
1590 613 1787 649 difficulter

173 673 468 718 appropinquari.
496 667 639 702 Eadem
660 667 734 702 sere
753 667 798 701 de
818 680 882 702 sua
902 681 967 702 ave
988 668 1170 703 Frischius
1189 669 1307 705 refert.
1336 670 1386 705 At
1404 670 1502 705 illius
1522 676 1622 705 iconi
1645 681 1681 707 et
1700 685 1785 707 meo

171 730 362 773 specimini
374 726 533 759 Metensi
546 724 649 759 nulla
667 724 765 758 nuda
779 729 877 771 regio
891 752 898 769 ‚
911 730 963 760 uti
977 729 1090 773 priori
1105 726 1300 774 descriptO.
1316 728 1377 761 An
1389 739 1494 762 sexus
1509 729 1694 763 diversitas
1709 731 1787 765 est?

243 781 427 816 Gesnerus
452 794 472 816 a
494 783 675 815 Brissonio
706 780 885 828 allegatus
908 782 1092 828 stupidam
1117 795 1221 818 avem
1244 795 1319 818 esse
1347 783 1457 829 dicit,
1489 797 1584 832 quae
1616 786 1785 822 manibus

171 844 251 886 capi
281 843 404 886 possit.
440 839 613 872 Rostrum
638 842 748 871 etiam
772 842 808 871 in
835 838 910 883 ejus
940 837 1053 885 figura
1081 838 1192 887 plane
1220 840 1401 876 diversum
1427 851 1489 875 est.
1526 842 1664 876 Vereor
1693 843 1786 889 fere,

171 894 403 929 charadrium
424 892 578 928 Gesneri
596 906 673 927 non
692 893 784 938 huc,
812 894 875 928 sed
903 894 950 929 ad
976 895 1116 930 otidem
1137 906 1314 932 tetracem
1343 902 1550 945 pertinere,
1575 898 1613 933 id
1638 908 1712 933 tam
1743 913 1787 935 ex

169 951 441 998 descriptione,
468 963 578 998 quam
599 950 697 998 quod
724 950 836 996 figura
860 957 982 999 potius
1008 964 1167 988 rostrum
1187 954 1296 988 otidis
1316 954 1503 1001 pedesque
1524 960 1644 989 minus
1670 956 1785 991 denu-

169 1008 274 1042 datos
294 1016 329 1041 et
349 1006 531 1042 breviores
551 1005 677 1051 refert,
692 1006 838 1052 judico,
858 1019 969 1055 quam
986 1009 1089 1055 quod
1108 1008 1278 1044 Kleinius
1300 1009 1439 1044 otidem
1456 1019 1629 1045 tctracem
1654 1013 1785 1047 Trieb-

172 1065 185 1077 '
201 1064 327 1111 'ruppe
346 1073 464 1098 vocat.
496 1062 753 1110 Vogelgesblz.
774 1076 808 1111 p.
835 1066 885 1098 18.
913 1064 1023 1100 Unde
1041 1064 1101 1111 fit,
1127 1066 1228 1114 quod
1247 1066 1507 1102 Bellonianum
1528 1081 1669 1103 nomen
1685 1070 1786 1105 oedi-

167 1133 319 1154 cnemus
342 1119 441 1167 apud
466 1118 695 1164 Gesnerum,
717 1119 846 1154 saltem
868 1126 905 1154 in
927 1122 1069 1167 indice,
1093 1136 1171 1157 non
1191 1125 1387 1159 occurrat?

243 1177 461 1211 Charadrius
486 1176 666 1223 illyricus,
696 1177 999 1225 ,Miner-swelce&
1026 1189 1062 1214 et
1083 1179 1266 1224 Pillem',
1290 1194 1324 1228 p.
1342 1181 1398 1217 26.
1422 1181 1492 1216 tab.
1508 1183 1566 1216 ΙΙΙ.
1591 1183 1782 1230 quomodo

167 1233 329 1279 disserat,
351 1246 429 1268 non
449 1234 568 1269 video.

238 1293 279 1325 In
299 1290 500 1339 exemplari
522 1303 541 1325 e
558 1292 751 1336 Pyrenaeis
769 1301 945 1340 accepto,
965 1292 1078 1340 pedes
1098 1293 1391 1329 coeruiescentes
1413 1304 1448 1329 et
1468 1294 1577 1329 ilbiae
1598 1308 1702 1343 supra
1727 1301 1783 1330 in-

167 1358 345 1382 crassatae
377 1360 476 1382 suras
504 1354 607 1394 quasi
633 1348 811 1392 referunt,
843 1349 945 1394 quod
972 1354 1011 1382 in
1042 1349 1146 1383 nulla
1175 1350 1246 1384 alia
1278 1363 1365 1393 ave3
1398 1351 1496 1385 unde
1524 1351 1618 1386 forte
1644 1364 1784 1387 nomen

166 1404 384 1438 oedicnemi.
413 1403 563 1437 Amicus
583 1405 798 1448 Peyrousius
820 1408 882 1450 qui
900 1403 995 1436 iilud
1014 1409 1201 1450 specimen
1222 1418 1241 1439 e
1260 1407 1455 1450 Pyrenaeis
1475 1413 1590 1452 misit,
1605 1419 1783 1445 asseverat

165 1473 249 1495 eum
279 1460 530 1495 characterem
555 1472 633 1494 non
664 1471 738 1493 esse
768 1458 1040 1494 individualem.
1068 1460 1168 1495 Idem
1194 1466 1232 1495 in
1261 1463 1453 1507 Pyrenaeis
1466 1466 1628 1511 ιβίαὲζιιὲ,
1653 1471 1674 1500 i.
1690 1478 1719 1501 e.
1746 1467 1782 1500 le

162 1518 302 1563 szsseur
316 1523 438 1552 vocari
458 1516 593 1552 retulit.
622 1515 867 1550 solummodo
891 1521 928 1550 iu
947 1516 1081 1562 juniori
1099 1530 1165 1552 ave
1184 1531 1305 1554 suram
1330 1519 1428 1555 hanc
1448 1527 1615 1569 reperiri,
1642 1528 1726 1570 quia
1743 1536 1782 1558 os

163 1580 352 1609 metatarsi
373 1573 507 1622 triplex
527 1583 600 1618 est,
626 1579 679 1608 uti
705 1586 744 1607 os
764 1573 849 1607 huic
875 1573 1103 1621 respondens
1123 1580 1160 1609 in
1180 1576 1459 1613 ruminantibus.
1486 1578 1588 1613 Idem
1609 1584 1647 1613 in
1664 1585 1782 1627 tringa

163 1630 312 1666 vanello
336 1632 479 1677 juniore
505 1635 676 1679 reperiri,
698 1635 839 1678 scripsit
861 1630 1124 1666 Sclmeldems
1148 1637 1186 1666 in
1206 1635 1289 1669 Litt.
1310 1634 1344 1669 d.
1363 1648 1395 1682 7.
1411 1636 1505 1670 Nov.
1525 1635 1623 1683 1786.
1651 1646 1687 1671 et
1708 1637 1781 1681 jam

162 1693 216 1722 uti
231 1698 267 1722 et
281 1687 327 1722 de
348 1687 551 1733 junioribus
565 1687 734 1722 anatibus
751 1687 876 1723 retulit
890 1693 927 1722 in
944 1690 1007 1722 Iss'*
1018 1688 1196 1737 Beycmg
1207 1703 1275 1725 zur
1290 1691 1528 1727 Gesclcichce
1542 1692 1614 1726 der
1625 1693 1780 1728 Sclzild-

162 1745 320 1780 kronen
347 1747 444 1792 1787.
464 1758 501 1792 p.
529 1751 578 1786 14.
606 1745 847 1791 Peyroustus
876 1748 919 1779 in
939 1747 1044 1782 Nov.
1065 1746 1156 1781 Act.
1180 1746 1292 1782 Suec.
1321 1749 1362 1783 T.
1383 1751 1437 1784 II.
1456 1751 1505 1784 A.
1523 1762 1555 1785 2.
1580 1759 1634 1785 n.⁰
1648 1762 1679 1785 2.
1702 1762 1779 1785 cre·

162 1801 217 1836 dit
233 1830 241 1847 ,
266 1801 370 1836 illam
390 1806 587 1836 crassitiem
605 1804 819 1837 constanter
844 1801 989 1847 adesse3
1015 1803 1079 1837 sed
1094 1814 1179 1839 sunt
1197 1805 1289 1839 mihi
1308 1818 1395 1840 sane
1409 1812 1604 1854 specimina
1622 1835 1629 1853 ‚
1644 1813 1682 1841 in
1698 1813 1778 1856 qui-

162 1858 229 1894 bus
253 1859 362 1894 deest.

211 1917 359 1951 Nostris
374 1915 610 1951 venatoribus
625 1914 725 1950 haud
739 1915 813 1950 alio
830 1921 981 1951 nomine
994 1929 1106 1965 quam
1116 1918 1255 1953 Laden
1271 1925 1417 1967 cognita
1432 1925 1469 1955 in
1483 1933 1578 1969 pago
1593 1921 1642 1956 St.
1656 1921 1778 1956 Ludo-

160 1978 242 2009 vicii
254 1973 299 2008 ad
311 1973 481 2007 Rhenum
492 1972 655 2008 Alsatiae
670 1979 872 2022 superioris.
893 1975 1098 2022 Hegionem
1114 1976 1307 2011 oculorum
1323 1978 1480 2023 nudam,
1497 1979 1643 2014 rubram
1659 1984 1776 2027 pinxit

160 2029 383 2065 Bczldnerus
403 2036 441 2065 in
454 2036 678 2079 ineptissima
692 2041 855 2067 ceterum
875 2032 1170 2081 icone,pedibus
1186 2033 1353 2069 brevibus
1368 2034 1486 2081 ssavis,
1500 2042 1651 2071 nomine
1666 2035 1775 2070 Triel.

349 2118 1073 2164 RECURVIROSTRA
1118 2121 1584 2167 AVOCETTA.

234 2195 420 2231 HAmTAT
439 2203 550 2232 etiam
565 2203 603 2233 in
621 2198 758 2247 Belgio.
785 2198 898 2247 Apud
918 2210 987 2234 nos
1002 2204 1188 2235 rarissima.
1215 2200 1311 2236 Mihi
1329 2213 1520 2250 nunquam
1539 2206 1620 2237 visa.
1650 2199 1773 2237 Habet
