2054 2748
252 175 328 218 150
638 166 1130 198 OBSERVATIONES
1163 166 1541 196 ZOOLOGICAE.

245 261 346 299 cius,
369 255 636 291 albo-striata.
663 255 810 289 Fascia
825 250 1022 299 pallidior
1034 249 1217 286 coemlea
1229 262 1302 297 per
1313 258 1584 286 transversam
1598 250 1798 293 caudam,
1817 259 1857 286 ec

246 313 334 349 alia
352 326 424 361 per
440 315 606 359 remiges
622 311 848 357 primarias.

316 371 502 417 Remiges
523 367 780 404 novemdecim
796 393 805 410 ‚
825 364 882 411 (in
900 363 1043 412 garrula
1063 369 1187 412 viginti
1207 373 1278 399 tres
1297 363 1410 399 habet
1429 365 1664 412 Brissonius),
1679 375 1803 400 tamen
1819 369 1858 398 in

244 440 326 463 mea
350 439 510 475 expansa
533 425 590 459 ala
614 422 717 458 nulla
740 434 864 470 penna
889 421 1045 457 deficere
1067 422 1217 457 videtur.
1245 421 1415 457 Secunda
1437 428 1605 457 omnium
1635 422 1857 470 longissima.

246 485 317 519 Sex
335 489 473 533 primae
498 492 583 516 ante
602 486 744 528 apicem
760 478 960 525 beryllinae
985 479 1207 528 (Edwardus
1227 479 1316 514 dicit
1339 478 1488 513 fasciam
1502 479 1606 514 illam
1621 478 1858 524 berylffimm,

246 554 358 590 quam
377 541 491 576 dilute
512 536 722 572 coeruleam
743 546 872 583 vocat,
900 549 966 585 per
989 547 1076 572 octo
1102 543 1256 585 remiges
1277 536 1427 572 ductam
1453 542 1559 582 csse),
1579 549 1673 586 quae
1692 535 1859 571 maculae

245 598 392 634 fasciam
423 597 583 630 formant
608 600 646 628 in
674 599 861 642 superiore
888 604 924 629 et
951 593 1122 629 inferiore
1149 600 1292 643 pagina.
1320 595 1435 629 Parva
1458 594 1603 629 macula
1629 599 1668 628 in
1694 597 1859 640 margine

245 660 447 705 posteriorc
471 658 650 701 septimae
671 663 792 687 versus
806 657 958 700 apicem.
986 651 1089 686 Idem
1108 651 1215 687 color
1234 650 1432 697 beryllinus
1446 658 1486 686 in
1508 651 1584 686 basi
1603 656 1774 698 marginis
1795 662 1860 685 an-

246 718 385 749 terioris
411 716 557 758 remigis
581 715 732 758 quintae
753 722 868 758 usquc
887 709 934 744 ad
950 721 1109 754 nonam,
1129 714 1167 743 in
1187 708 1396 744 tectricibus
1417 719 1452 744 et
1472 708 1572 744 alula
1590 713 1709 756 spuria
1726 735 1734 752 ‚
1757 712 1861 754 apice

246 779 390 805 tantum
415 767 527 802 fusco.
556 768 687 814 Margo
715 772 877 801 anterior
905 775 1063 800 saturate
1089 766 1289 801 coeruleus.
1325 766 1473 801 Caudae
1502 772 1666 813 quinque
1692 769 1862 799 rectrices

246 832 443 860 exteriores
473 824 581 859 fascia
607 824 790 871 ejusmodi
817 822 996 868 beryllina
1012 851 1020 867 ,
1048 822 1174 857 colore
1198 828 1393 871 praecipue
1423 828 1626 869 marginem
1653 826 1862 855 tenuiorem

245 888 467 918 exteriorem
495 891 703 929 occupante
719 909 728 926 7
753 880 884 915 latiore
907 885 1081 914 interiore
1103 885 1268 927 margine
1290 884 1404 926 magis
1427 878 1565 914 albido.
1589 879 1698 913 Duae
1719 876 1863 911 mediae

246 938 457 975 unicolores
473 966 481 983 ,
501 938 802 973 coerulescentcs.

319 998 359 1030 In
381 995 526 1043 garrula
551 1005 621 1030 tres
652 1004 798 1030 tantum
824 999 963 1040 priores
983 992 1097 1028 latere
1122 998 1295 1028 interiore
1324 991 1702 1029 coeruleo-violaceas
1724 989 1864 1026 habent

248 1052 384 1089 fascias.

651 1167 1016 1212 ORIOLUS
1065 1166 1462 1211 GALBULA.

320 1283 411 1316 Vm1
431 1284 620 1329 specimen
632 1278 701 1312 Ao.
718 1289 816 1325 1791·
828 1287 979 1325 captum
997 1276 1105 1312 fascia
1121 1276 1301 1326 pectorali
1320 1283 1525 1325 interrupta
1540 1304 1548 1321 ,
1562 1281 1674 1323 nigra.
1694 1276 1869 1311 Rostrum

247 1344 489 1385 nigerrimum
517 1336 603 1371 facit
635 1335 749 1382 figura
783 1334 1103 1369 Daubentoniana
1132 1334 1213 1370 tab„
1240 1335 1295 1370 26.
1325 1334 1427 1382 quod
1461 1333 1612 1368 rubrum
1631 1343 1693 1368 est.

323 1394 395 1428 Ao.
417 1412 448 1433 14.
471 1391 617 1439 (1796.)
647 1390 721 1424 vidi
738 1389 838 1436 apud
859 1389 1153 1435 ornithophilum
1179 1401 1284 1423 avem
1310 1389 1408 1422 hanc
1427 1395 1465 1423 in
1485 1401 1593 1423 cavea
1613 1395 1697 1423 satis
1716 1399 1870 1436 angusta

249 1455 444 1494 nutritam,
472 1447 585 1482 corde
609 1445 750 1480 bovillo
776 1449 925 1478 conciso
948 1456 1022 1491 quo
1046 1443 1223 1478 lusciniae
1242 1450 1461 1479 nutriuntur.
1495 1446 1619 1479 Primo
1639 1457 1738 1479 anno
1758 1451 1868 1481 vires-

252 1518 399 1543 centem
417 1505 576 1540 feminae
595 1501 762 1538 colorem
781 1500 929 1545 habuit3
956 1500 1073 1536 altero
1093 1500 1258 1536 colorem
1272 1500 1399 1536 album
1419 1501 1549 1537 induit.
1570 1503 1722 1537 Brevem
1738 1514 1871 1538 vocem

253 1571 434 1613 ingratam
452 1562 577 1597 edidit.

327 1623 433 1656 Visus
460 1625 571 1655 etiam
591 1618 646 1653 bis
666 1627 718 1653 est
740 1617 848 1652 nidus
873 1627 1066 1664 suspensus
1090 1620 1128 1649 in
1147 1614 1271 1650 medio
1297 1613 1391 1649 funis
1415 1620 1478 1662 qui
1501 1627 1522 1649 a
1547 1613 1691 1649 duobus
1715 1613 1870 1650 arbustis

253 1692 317 1716 sex
336 1679 472 1727 pedum
490 1682 608 1725 spatio
630 1673 849 1711 distantibus
870 1683 1064 1722 protensus
1084 1682 1182 1718 erat,
1208 1685 1250 1707 ea
1275 1671 1469 1707 altitudine
1489 1682 1529 1707 ut
1549 1670 1667 1706 homo
1690 1677 1870 1720 attingere

253 1746 386 1787 posset.
406 1734 648 1783 (Schildc'us,
669 1732 805 1781 Ephor.
826 1733 945 1766 Princ.
965 1731 1068 1764 Nass.
1091 1728 1211 1777 1790.)

328 1792 399 1828 Sed
423 1791 542 1827 corbis
561 1795 771 1826 manuariae
793 1788 909 1823 forma
929 1787 1079 1837 qualem
1103 1791 1278 1835 expressit
1303 1785 1611 1821 Bmcltmanmcs
1633 1785 1754 1832 Epist.
1777 1788 1870 1820 Iclzz.

258 1851 362 1886 Cena.
389 1850 444 1884 Il.
465 1863 501 1898 ‚U-
527 1850 600 1891 154.
624 1848 702 1884 cab.
720 1849 822 1882 XII.
832 1847 908 1894 fig.
930 1860 957 1880 1.
986 1856 1178 1892 nunquam
1201 1853 1263 1879 est.
1284 1843 1352 1878 Illa
1370 1849 1494 1891 inepte
1516 1842 1564 1877 ad
1584 1842 1873 1890 descriptionem

257 1907 347 1943 alius
369 1907 488 1942 efficta
515 1916 568 1941 est
590 1905 710 1953 figura.

330 1964 442 2000 Multi
463 1963 568 1998 orioli
586 1963 715 1998 nidum
732 1960 1070 1997 artificiosissimum
1085 1967 1238 1993 struunt.
1256 1957 1352 1993 Nelc'
1363 1959 1505 1992 commi
1523 1956 1872 2004 Madagascariensis

258 2034 369 2071 quem
389 2022 632 2057 Sonneracus
658 2020 756 2067 Voy.
778 2031 862 2054 ausc
887 2016 1016 2052 Indes.
1043 2016 1097 2050 II.
1123 2029 1159 2063 p.
1183 2028 1264 2050 200.
1290 2016 1368 2050 [ab.
1402 2028 1476 2050 112.
1496 2013 1543 2049 ad
1563 2013 1702 2048 loxiam
1722 2013 1872 2061 quidem

259 2078 386 2123 refert,
406 2078 469 2113 scd
486 2083 548 2126 qui
569 2077 695 2112 colore
713 2076 806 2112 ssavo
827 2085 863 2110 et
876 2079 983 2109 rostri
999 2072 1115 2107 forma
1135 2077 1257 2120 potius
1277 2072 1324 2106 ad
1345 2072 1504 2107 oriolum
1523 2076 1703 2120 pertinere
1719 2070 1872 2116 videtur,

261 2136 348 2170 iicet
369 2134 529 2182 fringilla
546 2134 747 2170 domestica
768 2146 844 2168 11011
863 2138 907 2167 511
926 2132 1067 2177 major,
1088 2128 1201 2165 talem
1220 2129 1351 2164 nidum
1366 2128 1479 2176 longo
1496 2132 1649 2163 introitu
1669 2127 1871 2172 cylindrico

260 2192 307 2227 ad
333 2205 478 2227 saccum
502 2191 692 2227 lateralem
722 2197 842 2239 posito
872 2202 918 2225 ex
941 2188 1039 2224 fibris
1058 2187 1181 2236 rigidis
1207 2192 1331 2232 struit,
1361 2196 1397 2221 et
1431 2185 1479 2220 ad
1497 2191 1591 2234 ripas
1611 2190 1649 2218 111
1668 2184 1748 2219 folii
1770 2189 1874 2232 apice

264 2250 473 2298 suspendit,
501 2259 538 2286 et
556 2261 654 2285 anno
675 2257 853 2297 sequente
868 2252 980 2295 priori
998 2245 1087 2283 nido
1107 2256 1266 2291 novum,
1293 2253 1330 2282 et
1348 2248 1400 2282 ita
1421 2248 1621 2280 successive
1642 2240 1690 2277 ad
1710 2246 1874 2289 quinque
