2054 2748
769 153 1160 182 MAMMALIA.
1717 161 1765 204 51

165 248 243 283 tur,
270 238 384 274 facilis
403 239 478 285 ejus
501 242 553 273 rei
576 247 629 276 est
650 237 856 286 explicatio.
885 236 957 271 Sed
984 249 1080 272 anne
1109 236 1342 273 observatum
1361 247 1415 274 est
1439 243 1477 273 111
1502 241 1687 288 gemellis,
1720 243 1773 278 al-

164 306 281 332 terum
300 308 476 343 magnum
495 307 590 340 esse,
616 295 773 330 alterum
794 296 991 341 exiguum?

237 353 457 387 Caniculae
473 352 724 389 masculinae
733 353 841 400 patri
852 351 1103 397 ,femininae
1116 353 1236 387 macri
1249 352 1410 387 similes.
1429 353 1550 389 Limz.
1568 355 1668 402 Sysc.
1685 368 1769 395 nac,

234 411 321 444 Non
339 422 482 458 semper
500 417 559 445 ita.

234 467 321 501 Mea
344 467 511 502 canicula
535 471 652 514 stirpis
682 464 779 499 illius
808 475 921 512 purae
945 475 1056 512 quam
1079 465 1211 500 Bufson
1236 476 1344 501 vocat
1367 467 1545 512 Pyrame,
1566 481 1679 517 quum
1700 484 1770 506 ses-

161 528 330 570 quiennis
359 534 474 568 esset,
502 527 593 557 mari
621 521 794 570 copulata
821 520 985 567 ejusdem
1009 523 1271 569 magnitudinis
1297 533 1333 558 et
1354 523 1427 559 fere
1449 524 1609 571 formae,
1637 528 1770 563 coloris

159 586 252 627 nigri
279 593 363 615 cum
391 580 513 627 aliqua
542 584 579 614 in
600 589 750 628 pectore
777 578 949 616 albedine
973 577 1136 627 (hibi-ida
1158 580 1351 628 Epagneul
1375 581 1605 629 videbatur),
1628 591 1772 632 peperit

159 648 319 686 quatuor
343 635 496 671 catellos
514 649 520 671 :

235 709 260 728 1.
283 694 446 737 Marem,
473 692 560 728 albo
587 703 623 729 et
644 693 743 729 fulvo
765 701 1008 743 variegatum,
1036 700 1180 744 utrique
1203 702 1346 744 parenti
1370 697 1768 744 dissimillimum,sur-

158 751 319 786 dastrum
332 779 340 795 ,
360 763 489 799 parum
509 751 706 796 callidum,
733 758 840 800 periit
860 752 992 787 morbo
1017 752 1167 788 canibus
1190 752 1357 789 lainiliari
1385 754 1666 791 decemmestris.

228 821 262 844 2.
282 809 472 843 Feminam
487 814 580 857 patri
600 808 778 853 similem,
804 819 889 844 nata
912 819 1068 845 mortua.

229 864 261 898 ὅ.
292 865 483 900 Feminam
507 870 613 900 matri
645 865 821 909 similem,
849 865 1073 913 agillimam,
1102 866 1382 904 callidissimam.
1410 868 1541 903 Occisa
1562 874 1645 917 quia
1668 883 1770 906 com-

154 926 331 956 mercium
349 921 525 957 habuerat
545 933 630 957 cum
649 922 720 957 alia
740 922 786 957 de
806 922 906 957 rabie
924 933 1100 971 suspecta.

227 986 259 1020 4.
276 980 463 1013 Feminam
477 984 571 1027 patri
591 978 766 1023 similem,
783 991 877 1026 quae
893 979 1104 1014 obesissima
1120 979 1235 1026 facta,
1251 990 1286 1015 et
1304 991 1461 1029 utroque
1476 991 1627 1029 parente
1641 984 1768 1029 major.

227 1037 363 1070 Iterum
381 1042 549 1071 maritata
569 1035 752 1071 masculae
776 1035 964 1071 caniculae
985 1048 1023 1071 se
1045 1042 1202 1082 minori,
1226 1036 1313 1072 albo
1333 1037 1508 1086 fulvoque
1527 1039 1769 1088 irregulariter

152 1096 365 1139 variegatae.
392 1094 540 1141 Peperit

229 1163 258 1186 1.
281 1150 473 1185 Feminam
497 1160 700 1196 mortuam,
719 1156 814 1200 patri
837 1151 1004 1187 similem.

224 1218 257 1240 2.
283 1207 452 1251 Marem,
491 1214 599 1242 matri
630 1209 812 1253 similem,
847 1209 912 1244 secl
949 1215 1026 1244 sine
1053 1208 1199 1244 macula
1233 1209 1437 1258 ferruginea
1467 1210 1513 1245 ad
1546 1211 1699 1257 oculos,
1731 1223 1766 1247 et

151 1274 235 1295 cum
254 1262 426 1297 albedine
446 1264 493 1298 ad
521 1275 703 1298 extremos
728 1265 839 1311 pedes
864 1264 1096 1310 ferrugineos.
1124 1266 1247 1308 Major
1269 1265 1384 1300 factus
1407 1276 1522 1300 matre
1538 1294 1546 1309 ,
1572 1267 1655 1312 pilis
1679 1274 1763 1302 niti-

151 1317 330 1361 dioribus,
352 1318 467 1353 cauda
488 1319 671 1367 pulei-iore
687 1347 696 1363 ,
719 1319 888 1353 auriculis
908 1319 1120 1354 minoribus.
1149 1321 1273 1354 Bonae
1296 1320 1441 1355 indolis.

221 1375 387 1406 Tertium
405 1380 571 1405 maritata
589 1379 751 1417 peperit,
777 1384 823 1403 ex
842 1382 945 1417 patre
966 1375 1221 1417 praecedenti:

224 1442 251 1463 1.
273 1429 433 1472 Marem,
457 1426 533 1475 pilo
560 1432 698 1474 crispo,
723 1425 850 1460 colore
875 1425 994 1470 fusce,
1027 1439 1102 1460 uno
1130 1427 1225 1474 pede
1254 1438 1419 1463 extremo
1444 1438 1627 1467 anteriore
1652 1435 1762 1481 albo,

148 1484 330 1529 docilem,
350 1483 573 1532 agillimum,
593 1482 731 1518 formae
751 1482 947 1531 elegantis,
968 1492 1124 1519 staturae
1144 1490 1315 1532 exiguae,
1336 1492 1412 1521 51116
1428 1487 1540 1523 dubio
1562 1491 1662 1539 quod
1682 1505 1760 1529 ma—

147 1547 259 1577 turius
277 1541 489 1576 ablactatus.

219 1611 251 1634 2.
272 1599 462 1632 Feminam
477 1626 485 1642 ,
510 1603 616 1632 matri
637 1595 804 1633 similem.
833 1596 907 1631 Sed
926 1602 1074 1645 ingenio
1096 1597 1247 1635 diverse.

219 1655 250 1690 ὅ.
272 1656 462 1689 Feminam
477 1655 619 1702 albam,
643 1654 795 1690 maculis
816 1653 942 1699 fulvis,
967 1662 1056 1703 patri
1078 1657 1315 1694 subsimilem.
1344 1658 1487 1708 Sponte
1507 1661 1759 1702 lubentissime

146 1722 182 1747 et
201 1711 317 1759 longo
338 1722 504 1760 ternpore
524 1718 563 1746 in
584 1712 696 1760 pedes
716 1718 934 1760 posteriores
952 1726 988 1746 se
1011 1718 1221 1760 erigentem.

216 1774 249 1809 4.
270 1769 461 1802 Feminam
475 1767 619 1813 albam,
634 1768 787 1803 maculis
811 1774 987 1804 castaneis
1003 1769 1143 1805 duabus·
1165 1779 1306 1821 magnis
1326 1775 1374 1811 ad
1394 1782 1520 1824 capitis
1539 1777 1669 1826 latera,
1684 1793 1757 1816 una

144 1824 191 1859 ad
212 1824 348 1859 caudae
368 1825 545 1870 radicem,
565 1825 638 1860 sere
657 1831 695 1860 111
713 1825 847 1861 medio.

217 1883 334 1926 Hujus
355 1887 452 1917 tertii
471 1892 594 1930 panus
614 1888 718 1917 tertia
738 1881 812 1917 filia
833 1889 933 1918 istius
948 1884 1123 1932 Pyrame,
1144 1887 1304 1923 secunda
1324 1894 1402 1925 vice
1417 1903 1622 1940 praegnans
1642 1907 1662 1930 a
1678 1907 1753 1930 ma-

143 1943 212 1973 rito
232 1937 318 1973 albo
339 1938 492 1974 maculis
513 1939 597 1974 rufis
621 1951 659 1974 se
682 1945 825 1974 minore
849 1947 1009 1988 peperit:

220 2010 247 2030 1.
271 1997 460 2031 Feminam
483 1996 810 2044 elegantissimam,
839 2004 966 2032 ceteris
992 1998 1107 2047 duplo
1129 2005 1329 2047 minorem,
1353 2015 1538 2050 sagacem,
1561 2016 1596 2041 et
1619 2012 1752 2054 ingenii

142 2059 328 2100 praecocis
344 2082 352 2097 ,
375 2053 509 2100 agilem
533 2054 645 2102 (torte
673 2054 775 2103 quod
802 2067 822 2090 a
847 2055 1028 2090 vermibus
1049 2058 1332 2106 exagitaretur),
1353 2061 1415 2095 sed
1436 2061 1485 2095 ob
1512 2068 1636 2097 vitium
1654 2068 1750 2108 nasi,

142 2108 305 2155 palatum
319 2116 395 2145 51116
408 2110 520 2145 dubio
538 2110 660 2146 fissum
675 2111 814 2160 liquida
829 2112 976 2147 naribus
997 2119 1208 2159 emittente,
1224 2128 1286 2150 sex
1301 2123 1522 2165 septimanas
1538 2130 1618 2153 uara
1634 2125 1749 2166 periit.

210 2179 239 2200 2.
266 2168 456 2204 Feminam
485 2168 753 2217 elegantulam,
783 2169 953 2207 auriculis
979 2171 1198 2221 maculaque
1220 2173 1267 2209 ad
1287 2174 1448 2211 radicem
1473 2175 1608 2210 caudae
1630 2180 1749 2223 niger-

142 2233 251 2258 rimis.
