2054 2748
876 162 1089 194 Aves.
1713 157 1789 212 157

189 248 305 283 llana
342 247 602 296 (Beaozcverc
630 246 697 281 des
727 246 855 281 Indes.
886 246 1062 293 Sonuer.)
1093 255 1129 282 et
1156 245 1208 281 A.
1242 245 1480 294 scolopacea
1513 248 1707 296 (Courlau.
1738 264 1789 286 ou

191 304 365 339 Gourlirc'.
386 303 497 350 Buff.)
521 303 686 338 Gmelini
706 303 795 349 Syst.
818 304 901 338 Nat.
923 315 958 350 p.
979 304 1059 344 646.

259 361 319 395 Ad
332 359 425 395 illud
438 366 548 396 etiam
558 361 734 396 accedere
745 359 887 396 videtur
900 359 1039 394 Ardea
1056 359 1255 395 violacea.
1275 360 1393 396 Lirm.
1417 372 1464 395 ex
1481 366 1590 396 icone
1609 363 1789 399 Edwardi.

710 476 988 519 ARDEA
1040 476 1264 519 GRUS.

262 588 419 623 quNA
448 595 545 621 trans
567 578 739 620 Rhenum
763 591 884 621 occisa
906 585 1194 633 Argentoratum
1216 590 1322 620 missa
1345 585 1546 621 Decembri
1579 589 1676 634 1787.
1707 589 1794 624 Avis

188 643 281 678 haec
301 644 388 678 alias
413 654 604 690 nunquam
629 642 727 690 apud
751 655 819 678 nos
842 648 926 678 visa.
953 642 1125 677 Altitudo
1152 641 1226 676 fere
1248 642 1526 690 quadripedalis.
1558 643 1671 678 Color
1698 650 1796 679 cine-

189 713 270 734 reus
285 698 468 733 obscurus.
494 701 536 733 In
558 704 692 733 vertice
710 699 805 734 nihil
829 705 939 746 nigri,
960 711 1080 747 neque
1111 698 1314 746 quidquam
1333 699 1432 734 nudi.
1459 699 1563 734 Nihil
1592 706 1701 735 etiam
1719 701 1795 737 albi

186 756 233 790 ad
252 755 366 791 latera
385 755 484 790 colli.
512 757 684 790 Rostrum
706 756 767 790 ubi
787 756 898 791 fronti
921 762 1096 791 insertum
1119 755 1313 791 rufescens.
1339 758 1549 791 Pennarum
1572 757 1796 806 ampliorum

188 822 251 847 aut
266 812 448 846 laxiorum
470 818 508 846 in
526 822 711 859 postremo
729 812 836 847 dorso
853 812 956 847 nihil.
985 814 1176 847 Feminam
1194 811 1302 848 fuisse
1322 823 1480 861 oportet.

258 868 396 903 Ardea
418 867 520 902 Gms
537 881 624 902 mas
639 870 709 903 Ao.
724 883 755 915 7.
771 868 824 915 (d.
845 870 897 904 31.
914 870 1023 904 Mart.
1043 868 1161 916 1798.)
1179 881 1295 917 prope
1309 872 1627 916 Argentoratum
1650 875 1794 908 occisa.

258 924 487 971 Longicado
516 924 562 959 ab
582 930 685 972 apice
708 931 814 960 rostri
837 925 884 960 ad
905 935 1087 960 extremos
1107 937 1249 972 ungues
1271 924 1407 972 pedum
1435 934 1593 971 quatuor
1615 927 1796 974 pollicum

185 992 340 1023 novem3
368 992 452 1027 ergo
474 990 553 1014 toto
575 981 670 1027 pede
692 981 840 1027 longior
862 993 974 1028 quam
998 981 1086 1015 dicit
1103 982 1305 1014 Brissonius
1329 986 1391 1028 qui
1411 992 1620 1016 mensuram
1642 988 1681 1017 in
1705 983 1796 1019 farta

186 1046 222 1071 et
240 1041 358 1084 posita
381 1041 487 1084 cepit.
515 1036 659 1070 Tamen
678 1036 961 1084 amplitudinem
981 1036 1124 1072 volatus
1145 1035 1372 1071 determinat.
1399 1036 1460 1070 Ab
1483 1043 1587 1085 apice
1615 1045 1721 1074 rostri
1748 1040 1797 1075 ad

187 1102 389 1126 extremam
407 1093 563 1126 caudam
582 1101 652 1126 tres
668 1093 800 1140 pedes⁷
826 1103 969 1140 septem
986 1091 1141 1140 pollices
1160 1104 1244 1126 cum
1262 1093 1426 1127 dimidio.
1454 1093 1516 1127 Ab
1534 1100 1637 1141 apice
1651 1095 1731 1130 alae
1750 1096 1798 1131 ad

186 1154 423 1183 insertionem
436 1148 549 1196 pedes
572 1158 641 1183 tres
658 1162 666 1192 3
693 1154 868 1183 crassities
883 1154 1046 1196 corporis
1060 1158 1201 1196 septem
1219 1148 1420 1196 pollicum3
1450 1161 1535 1196 ergo
1556 1160 1632 1185 tota
1654 1151 1796 1187 volatus

186 1204 391 1252 amplitudo
417 1204 499 1252 plus
525 1217 636 1252 quam
661 1205 798 1252 pedum
818 1217 880 1239 sex
903 1215 939 1239 et
959 1204 1111 1239 dimidii.
1139 1205 1349 1250 Longitudo
1371 1211 1476 1239 rostri
1502 1213 1728 1241 exactissime
1756 1218 1796 1243 ut

186 1261 284 1309 apud
309 1263 532 1295 Brissonium
551 1260 730 1308 pollicum
753 1270 911 1308 quatuor
931 1270 967 1295 et
993 1260 1146 1294 duarum
1165 1259 1355 1294 linearum.

258 1318 392 1351 Roscri
413 1329 508 1364 apex
536 1316 661 1351 colore
681 1329 836 1361 corneo,
860 1316 952 1351 basis
982 1315 1130 1350 sordide
1158 1328 1314 1360 carneO,
1341 1322 1536 1364 praecipue
1563 1324 1603 1352 in
1625 1318 1796 1354 inferiore

186 1372 347 1406 maxilla.
375 1373 504 1406 Nares
522 1371 717 1417 ampliores
741 1383 852 1418 quam
874 1377 913 1404 in
933 1371 1048 1404 ardeis
1062 1397 1070 1413 ⁷
1090 1382 1219 1416 parum
1237 1380 1321 1417 post
1338 1372 1502 1406 medium
1520 1379 1672 1420 positae.

257 1428 384 1474 Regio
407 1437 493 1462 ante
512 1425 641 1461 oculos
660 1439 738 1461 non
753 1426 939 1461 denudata
953 1435 993 1461 ut
1011 1430 1050 1459 iu
1066 1424 1195 1460 Ardeis
1212 1440 1220 1469 3
1247 1426 1311 1460 sed
1330 1426 1377 1461 ab
1399 1440 1474 1461 uno
1499 1429 1636 1476 angulo
1657 1435 1728 1465 oris
1748 1431 1796 1467 ad

185 1483 342 1519 alterum
371 1494 468 1518 recta
496 1483 595 1518 linea
617 1483 848 1531 protenditur
876 1482 1085 1531 plumarum
1112 1487 1244 1527 series„
1281 1495 1375 1530 quae
1398 1494 1481 1519 sunt
1506 1497 1651 1532 prorsus
1674 1499 1795 1524 merae

186 1550 282 1574 setae
298 1539 423 1574 breves
437 1545 581 1586 nigrae,
608 1539 791 1587 simplices
812 1539 949 1587 absque
970 1538 1047 1573 ulla
1065 1538 1196 1583 barba,
1224 1539 1436 1575 densissime
1450 1548 1591 1589 positae
1613 1549 1651 1577 in
1675 1542 1795 1580 fronte

185 1609 227 1631 ac
253 1602 448 1644 syncipite‚
477 1595 593 1630 laxius
614 1602 653 1631 in
670 1602 820 1643 regione
843 1601 938 1631 inter
955 1594 1132 1641 angulum
1151 1600 1221 1629 oris
1246 1605 1282 1630 et
1304 1596 1452 1643 oculos,
1479 1598 1543 1633 sed
1570 1605 1643 1634 cuti
1666 1605 1792 1648 nigrae

185 1651 447 1700 implantatae:
474 1657 513 1686 in
536 1657 671 1687 vertice
685 1652 816 1698 rubro,
835 1652 958 1696 nudo,
984 1651 1049 1685 sed
1066 1663 1144 1685 non
1170 1652 1353 1699 papilloso
1376 1665 1563 1701 permrae,
1591 1656 1793 1703 solitariae,

185 1719 226 1743 ut
239 1714 416 1743 tamenin
430 1708 551 1743 media
566 1708 665 1744 linea
684 1708 828 1743 densius
844 1717 1029 1757 ponantur
1043 1717 1079 1742 et
1098 1720 1219 1742 aream
1239 1708 1386 1745 rubram
1398 1715 1437 1744 in
1450 1711 1538 1746 duas
1559 1718 1660 1760 quasi
1674 1724 1793 1761 partes

183 1764 445 1800 discriminent.
473 1765 618 1799 Postice
637 1763 728 1800 haec
751 1777 833 1800 area
853 1777 998 1813 prorsus
1021 1764 1280 1800 semicirculari
1306 1765 1401 1801 linea
1426 1769 1742 1805 circumscribitur.

262 1821 387 1856 Crista
417 1826 530 1855 cranii
557 1833 658 1856 ossea
686 1821 826 1856 duabus
850 1821 957 1856 lineis
981 1833 1087 1868 supra
1116 1820 1273 1856 orbitam
1299 1829 1474 1859 eminens.
1503 1827 1577 1860 Iris
1601 1826 1792 1862 rufescens.

188 1875 268 1924 (Sic
286 1887 321 1911 et
335 1876 566 1923 Brissonius.)
590 1877 652 1912 Ad
671 1878 848 1925 angulum
869 1883 1090 1912 anteriorem
1112 1877 1308 1926 palpebrae
1329 1879 1508 1916 inferioris
1533 1884 1722 1920 verrucula
1736 1884 1791 1919 vel

187 1939 385 1968 eminentia
407 1939 508 1981 nigra
523 1962 531 1978 ,
559 1946 604 1968 ex
628 1934 804 1982 plumulis
825 1933 992 1969 brevibus
1012 1939 1154 1968 corneis
1172 1941 1386 1982 composita.

224 2028 226 2032 Ι
259 1990 422 2037 Lingua
448 1999 577 2034 acuta,
617 1996 721 2038 apice
752 1996 791 2025 in
824 1996 1060 2025 commissura
1086 1990 1258 2025 maxillae
1289 1992 1468 2029 inferioris
1495 2001 1625 2043 positO.
1663 1998 1792 2030 Aures

187 2051 305 2093 pisum
335 2045 409 2081 fere
440 2046 698 2093 admittentes,
725 2057 828 2083 extus
859 2047 966 2082 nullo
993 2046 1167 2094 peculiari
1195 2047 1401 2085 charactere
1432 2064 1637 2099 pennarum
1666 2052 1792 2086 distin-

189 2102 364 2149 guendae.

260 2157 335 2192 Sub
349 2158 523 2207 palpebra
542 2160 713 2195 inferiore
732 2170 767 2196 et
785 2170 870 2196 ante
885 2160 1009 2204 illam,
1028 2166 1117 2195 item
1130 2173 1235 2209 supra
1251 2163 1426 2198 canthum
1440 2164 1537 2198 oculi
1552 2169 1791 2211 posteriorem

187 2219 316 2263 incipit
344 2221 442 2263 regio
464 2216 572 2263 alba,
607 2230 701 2266 quae
731 2217 876 2266 pollicis
906 2217 1099 2253 latitudine
1129 2230 1249 2255 versus
1272 2226 1474 2268 posteriora
1502 2220 1730 2267 extenditur7
1755 2231 1792 2256 et
