2054 2748
805 184 1197 214 MAAEIMALIA.
1759 191 1799 217 ῃ

198 273 308 306 fiores
325 269 436 319 paulo
458 268 639 319 proclives
660 269 906 305 horizontales
919 298 927 314 ,
953 276 1072 304 minus
1094 279 1217 304 tamen
1237 267 1406 303 distincte
1427 276 1463 303 et
1483 274 1602 303 minus
1620 271 1805 319 longiores

198 341 311 377 quam
330 334 368 363 in
390 330 544 362 Lemure
568 330 675 363 Catta
691 355 700 373 ,
716 340 790 376 quo
810 325 928 361 multo
945 332 1067 360 minor
1088 336 1140 360 est
1155 354 1163 371 ,
1178 335 1295 360 rostro
1316 324 1538 373 pei-obtuso,
1558 326 1639 373 pilis
1654 335 1805 364 cinei-eis

197 385 277 420 aliis
299 390 429 433 nigris,
457 385 549 420 albis
571 395 608 420 et
632 384 737 420 fuscis
764 390 909 428 mixtis3
936 393 1062 418 ventre
1082 382 1473 417 cinereo-albicante:
1499 383 1666 417 manibus
1686 397 1806 432 poste—

197 441 351 476 rioribus
367 452 402 477 et
417 441 677 484 anterioribus,
697 440 745 475 ad
768 440 934 475 cubitum
955 440 1028 474 fere
1046 453 1179 488 usque,
1206 440 1323 475 luteis.
1353 439 1518 475 Circulus
1542 439 1646 475 albus
1669 447 1805 478 circum

198 498 346 542 oculos;
362 511 458 547 apex
478 510 602 542 nasus,
618 502 770 531 interior
788 510 870 545 pars
888 503 1030 532 aurium
1045 506 1081 531 et
1100 509 1226 544 margo
1242 497 1405 546 ,pilique
1424 498 1508 533 11105
1527 498 1805 545 circumdantes,

197 555 417 604 maculaque
434 561 472 589 in
492 553 593 588 00110
614 566 713 602 pone
733 564 855 599 aures,
877 553 961 589 albi.

271 621 396 655 Gauda
431 618 542 667 paulo
571 618 717 666 longior
748 632 928 667 corpore,
960 630 1126 655 extremo
1153 622 1229 666 ejus
1253 621 1430 669 penicillo
1469 620 1551 669 pilis
1578 621 1807 669 longioribus

196 683 306 725 nigris
330 676 563 724 longitudine
586 682 696 711 trium
716 676 907 725 pollicum.
936 678 1077 725 Unguis
1104 678 1207 726 digiti
1228 679 1356 713 indicis
1375 684 1585 727 posterioris
1608 678 1807 713 subulatus.

270 734 416 768 Cuvz'er
434 739 472 768 in
492 733 618 769 litteris
643 740 846 783 suspicatur
865 739 1078 769 varietatem
1103 748 1177 770 esse
1198 748 1303 784 posse
1328 738 1492 770 Lemuris
1512 737 1698 783 Mongoz;
1723 747 1807 770 eum

194 790 355 826 multum
376 791 502 826 colore
529 797 684 836 variare,
716 792 882 840 duosque
911 792 1079 827 dentium
1100 798 1300 828 incisorum
1322 793 1537 828 inferiorum
1556 792 1679 827 forsan
1707 792 1805 828 deci-

195 848 308 893 disse,
336 848 437 896 quod
457 854 598 897 saepius
618 854 818 897 contingat.

267 905 340 939 Sed
354 905 500 940 nullum
515 906 625 954 plane
644 906 878 941 intervallum
897 912 1076 954 reperitur
1097 913 1192 943 inter
1215 907 1283 943 1105
1303 913 1477 943 1110150105
1499 916 1535 942 et
1554 906 1725 941 laniarios
1751 911 1806 940 in-

193 961 360 1007 feriores,
393 975 514 1010 neque
545 961 654 997 facies
687 969 789 1011 nigra
823 962 1015 1011 elongata,
1051 965 1241 1013 caudaque
1266 963 1461 1009 unicolor,
1489 976 1601 1012 quam
1631 961 1808 1006 Geoffroy

193 1021 339 1053 Lemuri
360 1020 526 1067 Mongoz
540 1019 722 1055 adscribit.

266 1076 474 1124 Specimina
507 1087 635 1126 postea
667 1078 740 1112 duo
771 1078 904 1114 similia
929 1078 1073 1114 obtinui
1105 1092 1150 1114 ex
1180 1090 1330 1114 musaeo
1361 1080 1592 1114 Poisonnieri
1614 1077 1684 1112 Ao.
1711 1087 1807 1124 ¹799-

191 1134 334 1168 Parisiis
354 1134 502 1169 vendito
515 1163 523 1179 ,
554 1134 621 1170 sub
641 1141 793 1170 nomine
823 1135 914 1171 falso
945 1135 1089 1171 Sa‘imiri
1109 1138 1173 1172 N.0
1190 1137 1243 1184 39.
1267 1147 1302 1172 et
1322 1136 1461 1172 Saiberi
1489 1137 1551 1170 N.⁰
1572 1143 1628 1177 40.
1657 1137 1749 1169 Cum
1770 1133 1809 1167 ht

192 1200 264 1225 tres
289 1203 420 1226 omnes
439 1192 695 1239 magnitudine
708 1221 716 1237 ,
738 1192 830 1228 facie
849 1193 1066 1229 rotundiore
1083 1206 1161 1228 non
1184 1200 1397 1229 acuminato
1409 1221 1418 1238 ,
1435 1203 1470 1228 et
1486 1202 1644 1240 quatuor
1666 1201 1807 1225 tantum

192 1252 370 1282 incisoriis
389 1248 621 1283 inferioribus
645 1256 868 1284 conveniant
881 1278 889 1293 ,
912 1263 975 1283 eos
996 1262 1062 1296 pro
1083 1262 1182 1283 mera
1203 1256 1377 1284 varietate
1398 1249 1533 1283 habere
1551 1260 1627 1282 non
1648 1258 1806 1294 possum,

265 1304 334 1338 Λο.
360 1305 460 1338 1800.
480 1309 613 1338 iterum
634 1311 760 1352 accepi
780 1310 999 1353 ipsissimum
1018 1304 1093 1339 hoc
1113 1304 1271 1349 animal,
1297 1305 1361 1339 sed
1379 1309 1455 1338 sine
1476 1313 1640 1337 extremo
1669 1302 1807 1336 caudae

191 1365 294 1404 nigro
312 1384 320 1400 ,
356 1359 423 1390 sub
451 1365 605 1390 nomine
639 1369 789 1402 quoque
815 1361 976 1399 Saimiri,
1010 1368 1046 1389 et
1076 1360 1203 1390 habitu
1238 1364 1402 1403 corporis
1425 1367 1628 1404 prostrato,
1654 1358 1728 1391 sere
1756 1364 1807 1393 uti

192 1419 231 1448 in
260 1412 374 1460 figura
392 1410 622 1447 Buffoniana.
651 1410 726 1446 Sed
752 1423 874 1460 neque
893 1411 1079 1446 auriculae
1106 1422 1255 1457 acutae,
1278 1425 1400 1460 neque
1429 1412 1539 1447 facies
1562 1419 1751 1448 incarnata
1772 1424 1808 1450 et

191 1469 456 1518 griseo-fusca,
485 1481 607 1517 neque
636 1474 786 1517 occiput
815 1468 1093 1518 prominulurn,
1122 1481 1242 1518 neque
1271 1468 1377 1503 color
1396 1469 1512 1503 nitide
1537 1468 1668 1515 ssavus,
1696 1483 1807 1518 quem

191 1526 335 1562 Busson.
354 1538 433 1574 pag.
447 1525 504 1561 (58.
525 1530 559 1560 ei
577 1525 768 1570 adscribit,
784 1536 820 1561 et
839 1537 991 1575 propter
1005 1538 1115 1574 quem
1136 1532 1202 1561 iste
1219 1526 1373 1571 Sai‘miri,
1391 1526 1426 1560 le
1447 1526 1629 1574 Sapajou
1651 1541 1805 1571 aurore,

196 1584 382 1632 Saptzjou
401 1586 554 1632 orange'
573 1592 637 1619 aut
659 1583 843 1632 Sapajou
855 1586 986 1631 jaune
1007 1594 1167 1620 vocatur.
1198 1584 1377 1632 (Transl.
1392 1582 1516 1631 Edit.)

682 1698 969 1742 LEMUR
1029 1697 1316 1740 CATTA

264 1804 387 1850 QUEM
406 1807 529 1838 vivum
548 1803 622 1838 vidi
646 1808 744 1849 1774.
760 1803 935 1837 nundinis
950 1808 1102 1838 aestivis.
1131 1803 1353 1850 Magnitudo
1377 1802 1456 1837 selis
1476 1803 1670 1838 mediocris
1685 1832 1692 1847 ,
1707 1813 1804 1838 totus

193 1866 369 1904 cinereus,
382 1859 473 1894 facie
493 1865 606 1907 nigra.
634 1859 721 1894 Pilis
736 1859 856 1895 densis
869 1888 877 1905 ,
891 1860 1131 1905 mollissimis,
1144 1866 1296 1894 sericeis.
1317 1858 1357 1895 In
1376 1871 1523 1895 mortuo
1545 1867 1661 1909 reperi
1678 1861 1805 1895 denus

192 1923 365 1952 incisores
385 1923 589 1965 superiores
608 1916 838 1952 brevissimos
852 1923 1126 1962 remotissimos,
1143 1916 1313 1952 laniarios
1330 1915 1474 1961 breves,
1490 1917 1594 1953 latos.
1617 1918 1804 1953 Inferiores

192 1987 255 2010 sex
273 1979 536 2022 angustissimi,
564 1973 741 2019 conferti,
761 1980 977 2021 acuminati,
996 1985 1201 2010 antrorsum
1227 1981 1400 2024 protensi.
1429 1975 1634 2023 phalanges
1656 1975 1804 2010 ultimae

194 2044 324 2069 omnes
345 2031 793 2080 depresso-rotundatae,
817 2038 978 2068 maxime
998 2032 1187 2081 pollicum.
1216 2034 1368 2081 Ungues
1390 2033 1631 2079 acutiusculi,
1653 2037 1804 2078 angusti,

192 2095 352 2124 maxime
370 2089 518 2136 indicis,
541 2089 686 2139 pollicis
709 2096 823 2139 magis
845 2090 1082 2139 complanati.

266 2148 496 2193 Mitissimus,
527 2153 627 2196 tangi
653 2160 691 2182 se
711 2155 848 2196 patitur
871 2148 1025 2193 lubens,
1057 2148 1119 2183 sed
1144 2148 1300 2183 caudam
1324 2154 1469 2184 tractari
1494 2152 1630 2182 metuit.
1658 2145 1804 2180 Lambit

197 2213 347 2237 manum
366 2203 489 2251 lingua
516 2205 728 2241 nullatcnus
750 2219 887 2255 aspera.
916 2205 1078 2240 Grunnit
1102 2205 1257 2241 breviter
1272 2234 1280 2250 ,
1311 2205 1383 2241 alta
1408 2219 1498 2241 voce
1519 2215 1706 2250 nunqussn
1727 2202 1802 2237 cla-

196 2268 282 2294 mat.
308 2259 395 2294 Edit
412 2273 566 2308 panem,
589 2262 751 2309 fructus,
780 2276 859 2299 non
887 2275 1023 2301 carnes.
1051 2262 1186 2299 Cibum
1209 2263 1414 2300 exhibitum
1436 2275 1497 2296 ore
1523 2259 1741 2308 prehendit,
1768 2269 1805 2295 et

1509 2319 1535 2351 Β
1562 2330 1584 2352 2
