2054 2748
271 122 354 166 256
641 135 1120 168 osssERvA'moNEs
1153 137 1517 169 zOOLOGICAE.

270 225 434 254 minutae
453 232 670 269 sparsaeque
688 227 726 256 in
746 232 899 269 corpore
919 230 955 256 et
975 226 1114 269 capite,
1133 231 1170 258 et
1189 234 1424 270 nequaquam
1444 235 1577 272 corpus
1595 230 1755 273 squamis
1775 234 1877 262 trun-

272 282 360 311 catis
379 277 637 313 verticillatum
664 289 734 323 est,
754 283 806 312 uti
827 278 916 312 dicit
937 279 1130 314 Linnaeus.
1157 279 1339 327 Adeoque
1357 286 1531 328 pessima,
1553 286 1620 316 nisi
1642 287 1687 317 sit
1705 281 1777 317 alia
1797 295 1879 331 spe-

272 339 354 368 cies.
384 334 527 370 Sebana
547 335 658 383 figura
675 337 698 369 Ι.
723 334 795 369 tab.
820 336 875 376 84.
900 345 1030 383 peccat
1053 347 1119 381 ρο,
1146 335 1249 384 quod
1278 348 1453 384 squamae
1475 343 1638 386 corporis
1667 351 1745 374 non
1769 344 1878 375 verti-

272 390 426 426 cillatae.

345 451 385 483 Iu
403 461 486 484 meo
502 453 701 498 specimine
716 460 890 497 squamae
905 454 1032 499 capitis
1050 461 1226 499 magnae,
1249 455 1413 500 occipitis
1437 460 1595 500 quatuor
1613 457 1651 485 in
1666 451 1881 500 quadratam

271 505 427 540 formam
448 506 652 553 dispositae.
679 505 794 541 Dorsi
812 512 920 542 series
939 519 1172 556 squamarum
1188 507 1490 558 quatuordecim,
1509 507 1719 544 abdominis
1741 508 1880 545 decem.

272 562 387 598 Color
401 563 527 597 fuscus.

548 658 933 702 LACERTA
979 660 1382 705 GUTTATA.
1428 661 1592 705 Nobis.

346 756 486 791 Calida
505 755 850 800 subvercicillam,
876 757 1089 801 mediocri,
1109 771 1268 805 corpore
1284 758 1504 806 granuloso
1518 787 1528 801 ‚
1554 760 1728 793 verrucis
1749 760 1878 805 majo-

272 813 375 848 ribus
394 813 528 860 planis
557 816 827 857 interstincto,
859 814 996 862 digitis
1021 814 1276 858 orbiculatis,
1304 816 1441 851 subeles
1470 814 1692 851 lamellacis
1704 842 1716 858 ,
1744 814 1881 850 obtuse

272 870 558 918 zmgltc'culacis.

342 929 401 961 Ex
416 939 542 962 museo
564 926 733 974 belgico
752 932 905 962 nomine
920 929 1096 964 Lacertae
1115 927 1261 964 Get-ko.

344 984 470 1016 Facies
493 989 646 1016 omnino
670 983 827 1017 lacertae
847 983 978 1030 gecko.

345 1041 464 1086 Caput
484 1051 679 1085 magnum,
695 1049 857 1075 ovatum.
883 1040 1001 1073 Aures
1015 1052 1210 1075 concavae
1239 1042 1381 1086 Corpus
1401 1038 1556 1086 gracile,
1570 1045 1708 1086 exiguis
1722 1040 1882 1088 gianulis

271 1094 390 1143 planis
410 1093 645 1128 subrotundis
670 1093 729 1128 vel
751 1093 1120 1140 subsexangularibus
1140 1093 1319 1138 obsitum3
1339 1099 1610 1129 interstinctum
1628 1102 1784 1131 verrucis
1802 1097 1882 1145 pla-

271 1156 326 1186 nis
346 1148 545 1197 majoribus
565 1148 675 1194 albis,
708 1148 754 1183 ad
775 1161 960 1184 summum
985 1150 1239 1198 magnitudine
1261 1155 1407 1186 seminis
1432 1151 1628 1198 cannabis,
1656 1152 1755 1188 unde
1777 1153 1884 1189 albo-

269 1206 496 1243 maculatum
516 1216 667 1255 apparet
689 1218 831 1254 colpus.

345 1263 580 1299 Conferenda
600 1275 685 1298 cum
699 1262 835 1298 lacerta
854 1275 950 1299 nova
970 1275 1016 1298 ex
1035 1263 1213 1311 geckonis
1231 1263 1368 1299 familia
1387 1264 1618 1300 Sclitzeideri
1630 1265 1678 1300 de
1691 1267 1882 1315 Amphib

271 1321 440 1368 Specimz
459 1322 514 1355 II.

321 1377 533 1424 Longitudo
548 1383 711 1425 corporis
722 1377 904 1426 pollicum
914 1383 1091 1425 quinque,
1104 1378 1242 1412 caudae
1253 1388 1411 1425 quatuor
1422 1379 1604 1426 pollicum
1620 1391 1705 1414 cum
1719 1379 1882 1416 dimidio.

471 1489 816 1534 LACERTA
867 1487 1476 1532 MICROCEPHALA.
1520 1490 1684 1534 Nobis.

348 1588 489 1625 Calida
507 1588 777 1630 verticillata‚
806 1587 929 1636 ionga
944 1616 956 1631 ,
979 1590 1160 1635 squamis
1180 1589 1372 1635 oppressis
1386 1615 1397 1629 ,
1416 1600 1576 1635 corpore
1595 1589 1884 1625 coemlescence

274 1650 372 1683 serie
396 1646 559 1682 laterali
581 1645 835 1679 macularum
863 1647 1094 1691 nigrarum,
1118 1644 1367 1679 ‘veneralibus
1393 1647 1574 1692 squamis
1601 1649 1858 1682 oecosen'acis.

345 1706 403 1740 Ex
423 1702 645 1738 collectione
665 1702 890 1747 Ramsayana
910 1701 1193 1749 Edinburgensi.

345 1759 558 1808 Lougitudo
585 1764 748 1807 corporis
770 1768 928 1807 quatuor
945 1757 1146 1806 pollicum,
1169 1758 1308 1793 caudae
1328 1768 1469 1806 septem
1495 1771 1579 1793 cum
1600 1758 1764 1794 dimidio.

346 1817 491 1852 Statura
511 1816 668 1851 lacertae
686 1815 808 1864 agilis,
828 1815 891 1850 sed
915 1814 1031 1850 forma
1053 1815 1192 1850 diversa
1206 1843 1215 1859 ,
1240 1815 1355 1850 cauda
1377 1821 1547 1861 crassior,
1562 1815 1791 1864 longiorque.
1813 1819 1883 1854 Ca-

275 1885 341 1925 put
359 1879 600 1923 proportione
619 1879 739 1908 minus
758 1872 903 1908 videtur
922 1884 1033 1920 quam
1052 1877 1091 1906 in
1111 1871 1200 1906 aliis.
1229 1873 1378 1920 Digitus
1399 1879 1524 1908 tertius
1542 1872 1705 1920 longior,
1736 1884 1884 1922 quartus

275 1933 518 1980 longissimus
544 1930 645 1965 Plica
661 1930 830 1975 collaris,
851 1939 937 1964 ante
960 1941 1041 1963 eam
1062 1928 1277 1976 squamulae
1301 1935 1565 1966 minutissimae
1584 1942 1698 1979 usque
1720 1930 1768 1966 ad
1790 1943 1886 1967 mar-

277 1995 400 2037 ginem
419 1987 591 2022 maxillae
613 1987 810 2033 inferioris,
830 1998 924 2035 quae
943 1985 1142 2029 majoribus
1161 1992 1321 2032 squamis
1341 1992 1508 2034 cingitur.

348 2045 409 2080 Ab
429 2046 581 2080 Ameiva
602 2050 711 2079 etiam
738 2044 867 2079 habitu
890 2043 1051 2088 diversa,
1080 2051 1116 2076 et
1139 2054 1183 2076 eo
1204 2048 1363 2077 maxime
1384 2044 1486 2091 quod
1513 2055 1686 2092 squamae
1704 2043 1884 2080 ventrales

279 2113 363 2138 octo
397 2101 555 2137 seriebus
587 2100 918 2148 longitudinalibus
948 2109 1033 2135 sunt
1064 2099 1261 2147 dispositae
1279 2127 1288 2144 ,
1321 2105 1359 2133 in
1390 2100 1543 2135 Ameiva
1571 2100 1683 2148 louge
1710 2100 1883 2149 pluribus.

278 2161 452 2195 Ameivae
475 2170 647 2207 squamae
675 2157 930 2195 abdominales
959 2162 1075 2205 magis
1108 2155 1287 2202 annulos,
1314 2155 1422 2203 hujus
1449 2161 1564 2204 magis
1595 2156 1884 2205 longitudinales

279 2223 384 2252 series
405 2216 576 2253 formant.
