2054 2748
820 143 845 170 1‘
878 144 891 170 1
925 142 943 171 s
975 142 1001 171 c
1033 143 1057 169 E
1091 142 1122 171 s.

550 223 760 266 ESOX
805 223 1393 267 BRASILIENSIS.

243 311 392 345 Connus
411 315 449 344 in
468 321 551 344 meo
572 324 650 346 non
664 311 771 346 valde
785 318 1035 360 serpentinum
1047 342 1055 358 ,
1070 320 1108 348 in
1127 320 1255 363 spiritu
1269 320 1342 349 vini
1356 315 1611 363 rigidissimum
1626 318 1773 355 factum.

170 367 308 400 Venter
324 365 448 401 subtus
466 367 617 415 planUS,
636 367 902 416 subquadratus
922 380 985 404 aut
1002 370 1240 417 bicarinatus,
1258 377 1311 406 uti
1335 377 1371 406 in
1389 383 1568 408 exocoeto
1586 374 1774 410 volitante.

170 423 243 468 Qui
263 435 308 457 ex
332 422 524 458 Sur-inamo
551 424 695 470 attulit⁷
726 435 762 461 et
787 438 809 461 a
834 438 908 474 quo
934 432 1026 472 emi,
1058 426 1150 464 dixit
1171 441 1288 476 aquae
1315 428 1417 463 dulci
1440 434 1642 465 immissum
1673 437 1775 479 quasi

170 490 415 527 saponaceam
433 479 535 514 illam
554 480 717 516 reddere.

1691 149 1717 192 Q]

1727 135 1774 178 Ca

441 590 759 634 CLUPEA
809 591 1302 637 ALEPIDOTA.
1348 594 1509 638 Nobis.

243 681 407 723 Ovalis,
429 691 621 729 argentea
635 710 645 724 ,
669 684 940 734 nitidissima,
962 686 1191 734 alepidoca,
1215 687 1323 722 linea
1344 687 1506 722 laterali
1528 687 1655 723 nulla.

239 737 441 773 Pisciculus
462 739 672 774 triuncialis.
700 739 884 788 Squamae
903 742 1051 789 nullae,
1079 743 1143 779 sed
1163 749 1254 779 cutis
1277 754 1450 791 argentea
1473 751 1575 792 quasi
1594 751 1633 779 in
1653 744 1773 781 tubera

168 792 247 828 cula
270 793 380 841 plane
399 795 598 843 inaequalis
621 797 884 844 magnitudinis
904 798 1025 834 divisa.

240 851 298 885 Ex
319 850 544 887 collectione
564 853 743 899 Ramsayi.
764 854 993 894 Americana‚

239 906 368 943 Affinis
393 908 548 957 clupeae
566 920 708 955 myst03
727 910 791 945 sed
813 916 926 960 pinna
945 918 1006 947 ani
1025 912 1163 948 caudae
1184 924 1261 948 non
1281 913 1499 948 coadunata.

648 1020 966 1063 CLUPEA
1015 1021 1296 1064 ALOSA.

239 1119 445 1156 SCELETON
473 1119 579 1166 hujus
612 1125 720 1168 piscis
759 1121 935 1168 mirabilis
968 1131 1191 1166 structurae,
1233 1135 1311 1157 non
1342 1128 1412 1157 nisi
1446 1129 1669 1159 insectorum
1706 1139 1777 1175 ope

165 1175 380 1225 parandum.
420 1176 534 1210 Dorsi
560 1181 668 1211 series
698 1182 862 1225 quinque
881 1183 1067 1226 spinarum
1089 1177 1383 1226 longissimarum
1406 1188 1443 1215 et
1472 1186 1773 1220 tenuissimarum.

165 1233 228 1269 Ad
256 1232 349 1268 latus
376 1238 539 1280 corporis
568 1232 816 1268 vertebrarum
843 1234 1048 1282 apophyses
1076 1244 1222 1269 tenerae
1251 1241 1353 1283 quasi
1380 1235 1603 1272 reticulatae.
1642 1240 1775 1274 Costac

165 1288 372 1325 nonnullae
386 1294 477 1323 mire
490 1301 667 1325 ramosae.
694 1290 757 1324 Ad
770 1297 904 1326 ventris
923 1296 1084 1326 carinam
1104 1292 1378 1339 conjunguntur
1397 1291 1474 1327 aliis
1489 1293 1652 1329 ossiculis
1665 1294 1773 1330 latio-

164 1345 262 1382 ribus
286 1351 474 1390 carinatis,
498 1358 678 1380 mucrone
706 1352 850 1394 postice
876 1348 1108 1394 prominente
1125 1375 1134 1392 ,
1155 1347 1299 1383 duobus
1318 1343 1546 1396 longioribus
1562 1349 1773 1387 divaricatis.

238 1401 471 1436 Ventriculus
490 1401 750 1437 solidiusculus
771 1414 958 1447 carnosus,
983 1415 1091 1438 arena
1119 1403 1289 1451 repletus.
1317 1404 1380 1438 An
1403 1417 1489 1452 ergo
1510 1405 1664 1453 digestio
1687 1421 1774 1443 ana-

165 1456 252 1505 loga
275 1457 331 1492 illi
352 1462 474 1493 avium
495 1463 778 1504 granivorarum.
805 1458 957 1493 Videtur
983 1458 1106 1494 cibum
1125 1464 1165 1494 in
1188 1459 1305 1495 fundo
1331 1473 1513 1508 quaerere.
1539 1463 1775 1511 Appendices

167 1526 301 1549 coccae
317 1519 635 1547 numerosissimae
651 1514 699 1548 ad
719 1513 972 1549 ventriculum.

238 1570 354 1604 Arcus
370 1568 625 1604 branchiarum
640 1574 677 1603 in
691 1579 795 1617 parte
809 1583 971 1606 concava
991 1569 1198 1607 denticulos
1215 1572 1472 1620 cartilagineos
1486 1573 1622 1610 habent
1637 1575 1774 1624 longis-

165 1631 295 1671 simos,
316 1625 490 1660 tremulos
505 1653 513 1669 ,
533 1638 636 1660 secus
656 1638 699 1661 ac
718 1631 757 1660 in
776 1625 855 1660 aliis
875 1625 1034 1674 piscibus
1047 1654 1056 1672 ,
1075 1627 1139 1662 ubi
1159 1639 1243 1664 sunt
1265 1628 1402 1664 breves.

238 1684 280 1716 In
306 1691 429 1716 nostra
456 1681 624 1716 maculae
650 1682 800 1717 demum
818 1687 858 1717 in
886 1682 1126 1731 desquamato
1150 1690 1249 1733 pisce
1272 1695 1464 1733 apparent;
1491 1691 1530 1719 in
1558 1700 1633 1721 uno
1661 1687 1774 1724 latere

166 1737 321 1773 observo
343 1747 504 1785 septem,
525 1743 563 1772 in
585 1737 702 1773 altero
726 1748 823 1774 oct0.

238 1796 349 1830 Piscis
367 1807 489 1829 vorax,
515 1794 716 1830 Pisciculos
736 1801 774 1829 in
789 1796 864 1841 ejus
884 1796 1086 1832 ventriculo
1107 1797 1443 1845 reperitBaltncrus
1461 1809 1613 1834 nostras.

237 1852 326 1886 Non
350 1857 546 1899 quotannis
565 1857 733 1887 occurrit.
769 1852 838 1887 Ao.
864 1854 962 1899 1788.
985 1859 1234 1901 copiosissime
1262 1859 1300 1889 in
1322 1854 1465 1889 Rheno.
1493 1855 1566 1890 Sed
1595 1858 1691 1903 1789.
1714 1863 1771 1891 xix

164 1907 250 1943 ulla.
277 1908 338 1942 An
363 1907 412 1943 ob
436 1908 687 1956 praecedentis
709 1908 848 1954 hyemis
873 1911 1166 1946 immanitatem?
1192 1911 1261 1946 Ao.
1282 1911 1378 1957 1795.
1408 1917 1565 1959 copiose.
1593 1913 1770 1958 Quando-

165 1977 237 2012 que
256 1970 366 1998 etiam
387 1970 425 1998 in
442 1964 565 1999 Ellam
586 1977 631 2000 ex
650 1964 783 1999 Rheno
803 1965 1005 2000 adscendit.
1032 1966 1110 2001 Ova
1130 1966 1180 2001 ibi
1201 1972 1352 2012 emittit,
1374 1967 1438 2002 sed
1457 1968 1548 2003 haec
1569 1980 1770 2017 numquam

166 2020 420 2055 excluduntur.
456 2021 702 2068 Reperiuntur
730 2020 931 2070 aliquando
959 2022 1183 2069 spithamaea
1216 2034 1358 2061 tantum
1391 2023 1648 2071 lon5itudinc⁷
1677 2038 1771 2074 quae

167 2090 249 2113 cum
270 2076 466 2122 majoribus
486 2090 530 2112 ex
548 2083 639 2113 mari
662 2078 901 2113 adscendunt.

239 2133 317 2168 Ova
333 2133 451 2168 adhuc
471 2140 593 2169 ovario
613 2145 788 2171 contenta
805 2134 1013 2183 inaequalia
1037 2145 1071 2172 et
1090 2136 1263 2184 angulata
1283 2137 1373 2173 mihi
1393 2137 1581 2181 videntur3
1600 2137 1670 2173 aha
1691 2137 1772 2174 aliis

166 2188 281 2238 duplo
306 2191 434 2236 majori
460 2190 651 2228 diametro.
