2054 2748
700 134 1149 163 AMPHIBIA.
1632 129 1713 185 289

117 221 206 261 ista,
225 227 306 252 mea
325 227 409 252 vero
431 214 562 250 indica.
590 215 816 263 Lacepedius
836 215 912 251 vult
937 217 1083 251 easdem
1106 222 1243 264 species
1266 222 1303 251 in
1325 229 1481 268 utroque
1505 228 1717 259 continente

117 279 265 321 reperiri
288 272 543 320 (Buffonianae
564 277 769 306 assertionis
792 277 829 305 in
849 272 1105 308 mammalibus
1127 274 1380 320 contrarium).
1411 277 1450 310 ld
1473 278 1621 324 quidem
1646 292 1714 327 ego

117 341 194 363 non
214 328 397 373 dederim,
416 328 480 362 sed
494 334 522 362 si
544 327 649 362 fuerit
661 355 670 372 ‚
689 327 852 362 retulerit
871 327 1002 376 aliquis
1016 342 1174 377 anguem
1193 343 1313 365 meam
1332 330 1378 365 ad
1398 330 1617 369 laticaudam
1632 338 1717 370 Lin-

116 390 209 419 naei.
246 385 296 419 At
328 397 439 432 quam
466 390 686 419 immensum
715 384 821 419 distat
845 396 1078 432 squamarum
1112 399 1305 432 numerus⁷
1335 387 1416 435 plus
1444 401 1553 436 quam
1580 391 1714 440 duplo!

116 441 340 476 Distinctam
360 441 453 476 adeo
473 447 633 489 speciem
653 453 728 476 esse
747 450 901 489 oportet.

426 544 816 587 CAECILIA
862 543 1204 588 NASUTA.
1250 546 1409 589 Nobis.

190 635 354 681 Corpore
372 633 538 681 glabm,
560 637 666 683 rugis
689 635 833 678 nullis,
862 635 955 670 albo
981 635 1392 683 mbroqnefasciaca,
1414 651 1513 673 naso
1535 649 1666 675 acuto.

186 692 244 725 Ex
262 691 536 738 Tranquebaria
559 697 666 727 missa
683 705 703 727 a
722 692 891 727 Rottlero
907 720 915 737 ‚
936 692 1008 728 Ao.
1024 696 1056 727 ὃ.
1081 691 1226 739 (1709.)

185 746 338 781 Nullam
357 747 466 795 plane
488 758 694 796 aperturam
718 748 974 783 branchiarum
993 754 1145 796 reperio.
1173 749 1383 796 Longitudo
1410 750 1589 797 pollicum
1609 757 1715 799 quin-

116 802 235 837 decim
249 831 257 847 ,
276 809 451 838 crassities
472 804 573 852 digiti
591 807 748 851 majoris.
775 807 915 853 Lingua
935 805 1103 840 nondum
1122 812 1337 841 examinata.
1360 807 1484 841 Gauda
1499 818 1614 842 acuta.
1635 810 1717 844 Fas-

115 865 170 893 cia
191 859 287 894 dorsi
307 871 457 908 angusta
473 871 508 896 et
528 868 661 896 ventris
682 862 808 907 latior,
829 872 911 910 post
929 873 1040 896 anum
1058 872 1141 896 ante
1160 863 1319 897 mediam
1337 863 1604 910 longitudinem
1621 871 1718 912 posi-

114 924 193 949 tum
208 927 396 964 angustata
419 918 585 966 duaeque
606 924 775 966 utrinque
797 917 914 953 albae.
942 919 1156 964 InterJ'ectae
1177 918 1305 954 badiae
1325 919 1455 954 fasciae
1474 933 1558 954 cum
1578 933 1719 968 marga-

114 978 250 1007 ritaceo
274 973 399 1020 aliquo
424 974 632 1020 splendore.

187 1078 392 1112 Colubrum
410 1078 584 1125 bipedem
604 1079 715 1112 habet
739 1080 912 1112 Gmelm.
930 1083 972 1112 in
992 1080 1092 1123 Syse.
1108 1087 1190 1113 nac.
1209 1093 1244 1125 p.
1263 1091 1361 1126 1099.
1382 1085 1543 1128 citatque
1558 1082 1718 1128 Scopoli

113 1135 223 1170 Arm.
245 1134 333 1170 hist,
353 1143 436 1169 nac.
457 1139 520 1181 qui
545 1133 637 1168 nihil
661 1133 706 1168 de
725 1133 868 1168 duobus
887 1133 1041 1181 pedibus
1066 1133 1153 1168 dicit
1170 1162 1176 1179 ,
1197 1135 1261 1169 sed
1282 1136 1536 1183 magnitudine
1557 1137 1718 1185 bipedali

116 1203 192 1225 esse
219 1196 278 1225 ait.

186 1246 337 1281 Animal
360 1246 484 1295 bipes,
514 1252 629 1282 verius
654 1258 765 1294 quam
791 1252 917 1294 anguis
941 1246 1062 1295 bipes,
1086 1257 1121 1282 et
1145 1253 1276 1282 rectius
1304 1248 1527 1296 peculiarem
1551 1250 1718 1286 ordinem

114 1303 384 1351 amphibiorum
413 1310 639 1338 constituens
667 1316 777 1351 quam
796 1309 911 1347 siren,
932 1314 985 1338 est
1006 1303 1040 1337 le
1060 1304 1248 1345 carmele',
1278 1305 1482 1352 Lacepede
1501 1306 1578 1340 [ab.
1600 1313 1653 1348 41.
1677 1321 1714 1354 p.

112 1360 192 1396 διδ.
222 1359 370 1393 Animal
401 1359 618 1394 annulatum
643 1372 746 1393 more
770 1359 1074 1406 ampfflsbaenae,
1097 1359 1238 1395 duobus
1259 1360 1413 1407 pedibus
1438 1361 1603 1396 brevibus
1634 1374 1718 1410 post

114 1425 233 1463 caput.
263 1417 398 1450 Mexici
419 1415 552 1449 incola.
579 1417 779 1448 virescens.
807 1415 1055 1462 [Vliet-oclipzcs
1074 1422 1243 1462 generico
1264 1422 1414 1452 nomine
1431 1423 1566 1465 poterit
1587 1419 1713 1466 appel-

113 1471 190 1508 lari.
216 1474 296 1508 Nisi
314 1481 350 1508 et
369 1471 443 1506 hoc
463 1471 561 1508 larva
576 1470 732 1506 lacertae
751 1470 867 1506 fuerit.
