<?xml version="1.0" encoding="UTF-8"?>
<!DOCTYPE html PUBLIC "-//W3C//DTD XHTML 1.0 Transitional//EN"
    "http://www.w3.org/TR/xhtml1/DTD/xhtml1-transitional.dtd">
<html xmlns="http://www.w3.org/1999/xhtml" xml:lang="en" lang="en">
 <head>
  <title>
</title>
<meta http-equiv="Content-Type" content="text/html;charset=utf-8" />
  <meta name='ocr-system' content='tesseract 3.04.00' />
  <meta name='ocr-capabilities' content='ocr_page ocr_carea ocr_par ocr_line ocrx_word'/>
</head>
<body>
  <div class='ocr_page' id='page_1' title='image "./observationeszoo00herm_0289.png"; bbox 0 0 2054 2748; ppageno 0'>
   <div class='ocr_carea' id='block_1_1' title="bbox 364 150 1724 286">
    <p class='ocr_par' dir='ltr' id='par_1_1' title="bbox 364 150 1724 286">
     <span class='ocr_line' id='line_1_1' title="bbox 705 150 1724 195; baseline 0.008 -8"><span class='ocrx_word' id='word_1_1' title='bbox 705 158 1154 187; x_wconf 78' lang='lat' dir='ltr'><strong>AMPHIBIA.</strong></span> <span class='ocrx_word' id='word_1_2' title='bbox 1643 150 1724 195; x_wconf 82' lang='lat'>285</span> 
     </span>
     <span class='ocr_line' id='line_1_2' title="bbox 364 239 1499 286; baseline 0.001 -1"><span class='ocrx_word' id='word_1_3' title='bbox 364 240 742 285; x_wconf 85' lang='lat' dir='ltr'>COLUBER</span> <span class='ocrx_word' id='word_1_4' title='bbox 787 239 1291 283; x_wconf 87' lang='lat' dir='ltr'>TEPHRODES.</span> <span class='ocrx_word' id='word_1_5' title='bbox 1338 241 1499 286; x_wconf 80' lang='lat' dir='ltr'>Nobis.</span> 
     </span>
    </p>
   </div>
   <div class='ocr_carea' id='block_1_2' title="bbox 124 320 1724 538">
    <p class='ocr_par' dir='ltr' id='par_1_2' title="bbox 197 320 1523 369">
     <span class='ocr_line' id='line_1_3' title="bbox 197 320 1523 369; baseline 0.003 -15"><span class='ocrx_word' id='word_1_6' title='bbox 197 327 267 368; x_wconf 71' lang='lat'>294</span> <span class='ocrx_word' id='word_1_7' title='bbox 390 322 453 366; x_wconf 81' lang='lat'>178</span> <span class='ocrx_word' id='word_1_8' title='bbox 480 330 524 358; x_wconf 82' lang='lat'>—†—</span> <span class='ocrx_word' id='word_1_9' title='bbox 556 322 630 356; x_wconf 74' lang='lat'>116.</span> <span class='ocrx_word' id='word_1_10' title='bbox 661 320 755 367; x_wconf 75' lang='lat' dir='ltr'>(Sed</span> <span class='ocrx_word' id='word_1_11' title='bbox 774 320 888 354; x_wconf 83' lang='lat' dir='ltr'>cauda</span> <span class='ocrx_word' id='word_1_12' title='bbox 907 320 1139 369; x_wconf 81' lang='lat' dir='ltr'>aliquantum</span> <span class='ocrx_word' id='word_1_13' title='bbox 1159 321 1327 357; x_wconf 87' lang='lat' dir='ltr'>mutilata</span> <span class='ocrx_word' id='word_1_14' title='bbox 1350 322 1523 369; x_wconf 85' lang='lat' dir='ltr'>videtur.)</span> 
     </span>
    </p>

    <p class='ocr_par' dir='ltr' id='par_1_3' title="bbox 124 376 1724 538">
     <span class='ocr_line' id='line_1_4' title="bbox 196 376 1724 425; baseline 0.004 -15"><span class='ocrx_word' id='word_1_15' title='bbox 196 376 407 424; x_wconf 76' lang='lat' dir='ltr'>Longitudo</span> <span class='ocrx_word' id='word_1_16' title='bbox 429 383 538 411; x_wconf 89' lang='lat' dir='ltr'>trium</span> <span class='ocrx_word' id='word_1_17' title='bbox 560 377 696 425; x_wconf 87' lang='lat' dir='ltr'>pedum</span> <span class='ocrx_word' id='word_1_18' title='bbox 714 389 798 412; x_wconf 86' lang='lat' dir='ltr'>cum</span> <span class='ocrx_word' id='word_1_19' title='bbox 819 376 993 421; x_wconf 79' lang='lat' dir='ltr'>dimidi03</span> <span class='ocrx_word' id='word_1_20' title='bbox 1015 384 1188 414; x_wconf 85' lang='lat' dir='ltr'>crassities</span> <span class='ocrx_word' id='word_1_21' title='bbox 1212 378 1323 425; x_wconf 78' lang='lat' dir='ltr'>digiti.</span> <span class='ocrx_word' id='word_1_22' title='bbox 1350 378 1443 413; x_wconf 89' lang='lat' dir='ltr'>Tela</span> <span class='ocrx_word' id='word_1_23' title='bbox 1462 379 1574 414; x_wconf 86' lang='lat' dir='ltr'>nulla.</span> <span class='ocrx_word' id='word_1_24' title='bbox 1612 381 1724 416; x_wconf 83' lang='lat' dir='ltr'>Color</span> 
     </span>
     <span class='ocr_line' id='line_1_5' title="bbox 125 433 1722 484; baseline 0.004 -17"><span class='ocrx_word' id='word_1_25' title='bbox 125 443 209 481; x_wconf 80' lang='lat' dir='ltr'>post</span> <span class='ocrx_word' id='word_1_26' title='bbox 229 447 353 468; x_wconf 82' lang='lat' dir='ltr'>recens</span> <span class='ocrx_word' id='word_1_27' title='bbox 373 433 565 482; x_wconf 71' lang='lat' dir='ltr'>degluptas</span> <span class='ocrx_word' id='word_1_28' title='bbox 588 446 756 481; x_wconf 86' lang='lat' dir='ltr'>squamas</span> <span class='ocrx_word' id='word_1_29' title='bbox 783 439 947 468; x_wconf 85' lang='lat' dir='ltr'>cinereus</span> <span class='ocrx_word' id='word_1_30' title='bbox 963 462 971 478; x_wconf 89' lang='lat'>‚</span> <span class='ocrx_word' id='word_1_31' title='bbox 994 445 1102 470; x_wconf 77' lang='lat' dir='ltr'>antea</span> <span class='ocrx_word' id='word_1_32' title='bbox 1130 435 1328 480; x_wconf 82' lang='lat' dir='ltr'>sordidior,</span> <span class='ocrx_word' id='word_1_33' title='bbox 1356 441 1518 484; x_wconf 81' lang='lat' dir='ltr'>margine</span> <span class='ocrx_word' id='word_1_34' title='bbox 1543 443 1722 472; x_wconf 86' lang='lat' dir='ltr'>anteriore</span> 
     </span>
     <span class='ocr_line' id='line_1_6' title="bbox 124 491 1061 538; baseline 0 -13"><span class='ocrx_word' id='word_1_35' title='bbox 124 502 357 538; x_wconf 82' lang='lat' dir='ltr'>squamarum</span> <span class='ocrx_word' id='word_1_36' title='bbox 371 501 631 538; x_wconf 85' lang='lat' dir='ltr'>scutorumque</span> <span class='ocrx_word' id='word_1_37' title='bbox 650 497 765 538; x_wconf 79' lang='lat' dir='ltr'>nigro.</span> <span class='ocrx_word' id='word_1_38' title='bbox 791 491 911 525; x_wconf 83' lang='lat' dir='ltr'>Patria</span> <span class='ocrx_word' id='word_1_39' title='bbox 926 495 1061 537; x_wconf 80' lang='lat' dir='ltr'>ignota.</span> 
     </span>
    </p>
   </div>
   <div class='ocr_carea' id='block_1_3' title="bbox 308 576 1550 621">
    <p class='ocr_par' dir='ltr' id='par_1_4' title="bbox 308 576 1550 621">
     <span class='ocr_line' id='line_1_7' title="bbox 308 576 1550 621; baseline -0.001 -1"><span class='ocrx_word' id='word_1_40' title='bbox 308 577 693 620; x_wconf 85' lang='lat' dir='ltr'>COLUBER</span> <span class='ocrx_word' id='word_1_41' title='bbox 732 576 1343 620; x_wconf 86' lang='lat' dir='ltr'>PANTHERINUS.</span> <span class='ocrx_word' id='word_1_42' title='bbox 1389 576 1550 621; x_wconf 86' lang='lat' dir='ltr'>Nobis.</span> 
     </span>
    </p>
   </div>
   <div class='ocr_carea' id='block_1_4' title="bbox 123 646 1727 1029">
    <p class='ocr_par' dir='ltr' id='par_1_5' title="bbox 197 646 606 693">
     <span class='ocr_line' id='line_1_8' title="bbox 197 646 606 693; baseline 0 -12"><span class='ocrx_word' id='word_1_43' title='bbox 197 646 266 693; x_wconf 79' lang='lat'>295</span> <span class='ocrx_word' id='word_1_44' title='bbox 292 659 358 678; x_wconf 70' lang='grc' dir='ltr'>Ξ</span> <span class='ocrx_word' id='word_1_45' title='bbox 384 649 452 680; x_wconf 78' lang='grc'>228</span> <span class='ocrx_word' id='word_1_46' title='bbox 479 655 525 684; x_wconf 60' lang='lat' dir='ltr'>—i—</span> <span class='ocrx_word' id='word_1_47' title='bbox 549 646 606 692; x_wconf 69' lang='lat'>(57.</span> 
     </span>
    </p>

    <p class='ocr_par' dir='ltr' id='par_1_6' title="bbox 123 701 1727 1029">
     <span class='ocr_line' id='line_1_9' title="bbox 198 701 1724 750; baseline 0.003 -14"><span class='ocrx_word' id='word_1_48' title='bbox 198 701 462 749; x_wconf 83' lang='lat' dir='ltr'>Subtripedalis</span> <span class='ocrx_word' id='word_1_49' title='bbox 474 730 482 746; x_wconf 88' lang='lat'>,</span> <span class='ocrx_word' id='word_1_50' title='bbox 506 702 609 749; x_wconf 76' lang='lat' dir='ltr'>digiti</span> <span class='ocrx_word' id='word_1_51' title='bbox 627 703 774 747; x_wconf 84' lang='lat' dir='ltr'>majoris</span> <span class='ocrx_word' id='word_1_52' title='bbox 789 708 955 737; x_wconf 80' lang='lat' dir='ltr'>crassitie.</span> <span class='ocrx_word' id='word_1_53' title='bbox 982 702 1180 750; x_wconf 76' lang='lat' dir='ltr'>Eleganter</span> <span class='ocrx_word' id='word_1_54' title='bbox 1194 708 1402 749; x_wconf 79' lang='lat' dir='ltr'>variegatus.</span> <span class='ocrx_word' id='word_1_55' title='bbox 1428 705 1486 738; x_wconf 82' lang='lat' dir='ltr'>Ex</span> <span class='ocrx_word' id='word_1_56' title='bbox 1500 703 1600 739; x_wconf 88' lang='lat' dir='ltr'>luteo</span> <span class='ocrx_word' id='word_1_57' title='bbox 1624 708 1724 740; x_wconf 89' lang='lat' dir='ltr'>cine-</span> 
     </span>
     <span class='ocr_line' id='line_1_10' title="bbox 124 757 1726 808; baseline 0.003 -17"><span class='ocrx_word' id='word_1_58' title='bbox 124 769 262 805; x_wconf 82' lang='lat' dir='ltr'>reoque</span> <span class='ocrx_word' id='word_1_59' title='bbox 282 757 428 792; x_wconf 80' lang='lat' dir='ltr'>sordide</span> <span class='ocrx_word' id='word_1_60' title='bbox 441 757 556 793; x_wconf 83' lang='lat' dir='ltr'>albus.</span> <span class='ocrx_word' id='word_1_61' title='bbox 584 760 703 792; x_wconf 82' lang='lat' dir='ltr'>Lineis</span> <span class='ocrx_word' id='word_1_62' title='bbox 719 764 828 805; x_wconf 80' lang='lat' dir='ltr'>nigris</span> <span class='ocrx_word' id='word_1_63' title='bbox 847 758 1031 793; x_wconf 83' lang='lat' dir='ltr'>undulatis</span> <span class='ocrx_word' id='word_1_64' title='bbox 1052 765 1090 793; x_wconf 90' lang='lat' dir='ltr'>in</span> <span class='ocrx_word' id='word_1_65' title='bbox 1108 759 1288 794; x_wconf 81' lang='lat' dir='ltr'>annulum</span> <span class='ocrx_word' id='word_1_66' title='bbox 1307 759 1523 795; x_wconf 68' lang='lat' dir='ltr'>coeuntibus</span> <span class='ocrx_word' id='word_1_67' title='bbox 1543 773 1607 808; x_wconf 84' lang='lat' dir='ltr'>per</span> <span class='ocrx_word' id='word_1_68' title='bbox 1628 761 1726 796; x_wconf 89' lang='lat' dir='ltr'>dorsi</span> 
     </span>
     <span class='ocr_line' id='line_1_11' title="bbox 124 813 1726 864; baseline 0.002 -15"><span class='ocrx_word' id='word_1_69' title='bbox 124 813 394 860; x_wconf 78' lang='lat' dir='ltr'>longitudiiiem</span> <span class='ocrx_word' id='word_1_70' title='bbox 413 814 567 862; x_wconf 78' lang='lat' dir='ltr'>digestis.</span> <span class='ocrx_word' id='word_1_71' title='bbox 594 815 655 849; x_wconf 90' lang='lat' dir='ltr'>Ad</span> <span class='ocrx_word' id='word_1_72' title='bbox 674 814 787 849; x_wconf 86' lang='lat' dir='ltr'>latera</span> <span class='ocrx_word' id='word_1_73' title='bbox 807 815 899 849; x_wconf 85' lang='lat' dir='ltr'>duae</span> <span class='ocrx_word' id='word_1_74' title='bbox 918 821 1025 850; x_wconf 79' lang='lat' dir='ltr'>series</span> <span class='ocrx_word' id='word_1_75' title='bbox 1046 821 1216 864; x_wconf 85' lang='lat' dir='ltr'>utrinque</span> <span class='ocrx_word' id='word_1_76' title='bbox 1232 815 1405 850; x_wconf 80' lang='lat' dir='ltr'>similium</span> <span class='ocrx_word' id='word_1_77' title='bbox 1423 816 1644 851; x_wconf 84' lang='lat' dir='ltr'>annulorum</span> <span class='ocrx_word' id='word_1_78' title='bbox 1658 823 1726 852; x_wconf 91' lang='lat' dir='ltr'>mi-</span> 
     </span>
     <span class='ocr_line' id='line_1_12' title="bbox 123 870 1726 921; baseline 0.002 -17"><span class='ocrx_word' id='word_1_79' title='bbox 123 883 255 904; x_wconf 87' lang='lat' dir='ltr'>norum</span> <span class='ocrx_word' id='word_1_80' title='bbox 279 880 315 905; x_wconf 91' lang='lat' dir='ltr'>et</span> <span class='ocrx_word' id='word_1_81' title='bbox 333 876 452 905; x_wconf 88' lang='lat' dir='ltr'>minus</span> <span class='ocrx_word' id='word_1_82' title='bbox 467 870 697 918; x_wconf 80' lang='lat' dir='ltr'>regularium.</span> <span class='ocrx_word' id='word_1_83' title='bbox 724 872 859 906; x_wconf 78' lang='lat' dir='ltr'>Venter</span> <span class='ocrx_word' id='word_1_84' title='bbox 882 871 1105 917; x_wconf 81' lang='lat' dir='ltr'>maculatus,</span> <span class='ocrx_word' id='word_1_85' title='bbox 1124 872 1276 908; x_wconf 80' lang='lat' dir='ltr'>maculis</span> <span class='ocrx_word' id='word_1_86' title='bbox 1297 885 1342 907; x_wconf 83' lang='lat' dir='ltr'>ex</span> <span class='ocrx_word' id='word_1_87' title='bbox 1356 878 1514 921; x_wconf 78' lang='lat' dir='ltr'>squamis</span> <span class='ocrx_word' id='word_1_88' title='bbox 1533 873 1611 908; x_wconf 86' lang='lat' dir='ltr'>aliis</span> <span class='ocrx_word' id='word_1_89' title='bbox 1630 879 1726 909; x_wconf 88' lang='lat' dir='ltr'>inte-</span> 
     </span>
     <span class='ocr_line' id='line_1_13' title="bbox 124 926 1727 975; baseline 0.002 -15"><span class='ocrx_word' id='word_1_90' title='bbox 124 932 214 974; x_wconf 74' lang='lat' dir='ltr'>gris,</span> <span class='ocrx_word' id='word_1_91' title='bbox 233 926 310 961; x_wconf 87' lang='lat' dir='ltr'>aliis</span> <span class='ocrx_word' id='word_1_92' title='bbox 325 927 464 961; x_wconf 84' lang='lat' dir='ltr'>duabus</span> <span class='ocrx_word' id='word_1_93' title='bbox 484 927 701 975; x_wconf 84' lang='lat' dir='ltr'>plerumque</span> <span class='ocrx_word' id='word_1_94' title='bbox 725 927 916 963; x_wconf 86' lang='lat' dir='ltr'>dimidiato</span> <span class='ocrx_word' id='word_1_95' title='bbox 930 949 945 954; x_wconf 95' lang='lat'><em>-</em></span> <span class='ocrx_word' id='word_1_96' title='bbox 958 933 1078 975; x_wconf 80' lang='lat' dir='ltr'>nigris.</span> <span class='ocrx_word' id='word_1_97' title='bbox 1106 928 1260 964; x_wconf 86' lang='lat' dir='ltr'>Scutum</span> <span class='ocrx_word' id='word_1_98' title='bbox 1278 941 1393 963; x_wconf 88' lang='lat' dir='ltr'>unum</span> <span class='ocrx_word' id='word_1_99' title='bbox 1411 938 1473 964; x_wconf 85' lang='lat' dir='ltr'>aut</span> <span class='ocrx_word' id='word_1_100' title='bbox 1492 928 1648 964; x_wconf 86' lang='lat' dir='ltr'>alterum</span> <span class='ocrx_word' id='word_1_101' title='bbox 1671 936 1727 964; x_wconf 89' lang='lat' dir='ltr'>in-</span> 
     </span>
     <span class='ocr_line' id='line_1_14' title="bbox 123 984 622 1029; baseline 0.002 -13"><span class='ocrx_word' id='word_1_102' title='bbox 123 984 316 1029; x_wconf 82' lang='lat' dir='ltr'>terjectum</span> <span class='ocrx_word' id='word_1_103' title='bbox 335 984 622 1017; x_wconf 78' lang='lat' dir='ltr'>immaculatum.</span> 
     </span>
    </p>
   </div>
   <div class='ocr_carea' id='block_1_5' title="bbox 123 1037 1728 1129">
    <p class='ocr_par' dir='ltr' id='par_1_7' title="bbox 123 1037 1728 1129">
     <span class='ocr_line' id='line_1_15' title="bbox 196 1037 1728 1086; baseline 0.005 -16"><span class='ocrx_word' id='word_1_104' title='bbox 196 1040 316 1084; x_wconf 86' lang='lat' dir='ltr'>Caput</span> <span class='ocrx_word' id='word_1_105' title='bbox 333 1049 461 1084; x_wconf 86' lang='lat' dir='ltr'>parum</span> <span class='ocrx_word' id='word_1_106' title='bbox 478 1037 691 1072; x_wconf 87' lang='lat' dir='ltr'>distinctum</span> <span class='ocrx_word' id='word_1_107' title='bbox 708 1043 746 1072; x_wconf 89' lang='lat' dir='ltr'>in</span> <span class='ocrx_word' id='word_1_108' title='bbox 766 1043 899 1073; x_wconf 87' lang='lat' dir='ltr'>vertice</span> <span class='ocrx_word' id='word_1_109' title='bbox 918 1047 1076 1085; x_wconf 86' lang='lat' dir='ltr'>quatuor</span> <span class='ocrx_word' id='word_1_110' title='bbox 1093 1037 1264 1086; x_wconf 86' lang='lat' dir='ltr'>ellipticis</span> <span class='ocrx_word' id='word_1_111' title='bbox 1284 1045 1527 1076; x_wconf 80' lang='lat' dir='ltr'>concentricis</span> <span class='ocrx_word' id='word_1_112' title='bbox 1542 1039 1645 1077; x_wconf 86' lang='lat' dir='ltr'>lineis</span> <span class='ocrx_word' id='word_1_113' title='bbox 1660 1054 1728 1076; x_wconf 89' lang='lat' dir='ltr'>no-</span> 
     </span>
     <span class='ocr_line' id='line_1_16' title="bbox 123 1093 876 1129; baseline -0.005 0"><span class='ocrx_word' id='word_1_114' title='bbox 123 1103 248 1129; x_wconf 84' lang='lat' dir='ltr'>tatum.</span> <span class='ocrx_word' id='word_1_115' title='bbox 276 1093 367 1126; x_wconf 83' lang='lat' dir='ltr'>Tela</span> <span class='ocrx_word' id='word_1_116' title='bbox 387 1093 500 1126; x_wconf 87' lang='lat' dir='ltr'>nulla.</span> <span class='ocrx_word' id='word_1_117' title='bbox 534 1093 659 1125; x_wconf 85' lang='lat' dir='ltr'>Gauda</span> <span class='ocrx_word' id='word_1_118' title='bbox 679 1100 876 1126; x_wconf 83' lang='lat' dir='ltr'>attenuata.</span> 
     </span>
    </p>
   </div>
   <div class='ocr_carea' id='block_1_6' title="bbox 196 1147 601 1196">
    <p class='ocr_par' dir='ltr' id='par_1_8' title="bbox 196 1147 601 1196">
     <span class='ocr_line' id='line_1_17' title="bbox 196 1147 601 1196; baseline -0.007 -11"><span class='ocrx_word' id='word_1_119' title='bbox 196 1152 254 1185; x_wconf 82' lang='lat' dir='ltr'>Ex</span> <span class='ocrx_word' id='word_1_120' title='bbox 275 1147 601 1196; x_wconf 86' lang='lat' dir='ltr'>Humphredianis.</span> 
     </span>
    </p>
   </div>
   <div class='ocr_carea' id='block_1_7' title="bbox 195 1225 1592 1363">
    <p class='ocr_par' dir='ltr' id='par_1_9' title="bbox 195 1225 1592 1363">
     <span class='ocr_line' id='line_1_18' title="bbox 257 1225 1592 1281; baseline 0.001 -2"><span class='ocrx_word' id='word_1_121' title='bbox 257 1235 294 1279; x_wconf 92' lang='lat' dir='ltr'>C</span> <span class='ocrx_word' id='word_1_122' title='bbox 314 1236 357 1278; x_wconf 91' lang='lat' dir='ltr'>O</span> <span class='ocrx_word' id='word_1_123' title='bbox 375 1237 411 1277; x_wconf 94' lang='lat' dir='ltr'>L</span> <span class='ocrx_word' id='word_1_124' title='bbox 426 1236 471 1279; x_wconf 90' lang='lat' dir='ltr'>U</span> <span class='ocrx_word' id='word_1_125' title='bbox 489 1236 522 1276; x_wconf 88' lang='grc' dir='ltr'>Β</span> <span class='ocrx_word' id='word_1_126' title='bbox 540 1237 576 1277; x_wconf 87' lang='grc' dir='ltr'>Ε</span> <span class='ocrx_word' id='word_1_127' title='bbox 589 1235 633 1277; x_wconf 87' lang='lat' dir='ltr'>R</span> <span class='ocrx_word' id='word_1_128' title='bbox 678 1225 769 1277; x_wconf 82' lang='grc' dir='ltr'>ΑΕ</span> <span class='ocrx_word' id='word_1_129' title='bbox 788 1235 816 1279; x_wconf 92' lang='lat' dir='ltr'>S</span> <span class='ocrx_word' id='word_1_130' title='bbox 835 1235 875 1278; x_wconf 92' lang='lat' dir='ltr'>T</span> <span class='ocrx_word' id='word_1_131' title='bbox 893 1234 972 1279; x_wconf 88' lang='lat' dir='ltr'>IV</span> <span class='ocrx_word' id='word_1_132' title='bbox 987 1235 1033 1279; x_wconf 93' lang='lat' dir='ltr'><strong>U</strong></span> <span class='ocrx_word' id='word_1_133' title='bbox 1049 1235 1088 1278; x_wconf 90' lang='lat' dir='ltr'>S.</span> <span class='ocrx_word' id='word_1_134' title='bbox 1121 1234 1392 1280; x_wconf 79' lang='lat' dir='ltr'>Subviridis.</span> <span class='ocrx_word' id='word_1_135' title='bbox 1423 1237 1592 1281; x_wconf 81' lang='lat' dir='ltr'>LACEP.</span> 
     </span>
     <span class='ocr_line' id='line_1_19' title="bbox 195 1315 770 1363; baseline -0.003 -11"><span class='ocrx_word' id='word_1_136' title='bbox 195 1318 308 1352; x_wconf 83' lang='lat' dir='ltr'>MEUS</span> <span class='ocrx_word' id='word_1_137' title='bbox 336 1317 405 1363; x_wconf 77' lang='lat'>298</span> <span class='ocrx_word' id='word_1_138' title='bbox 431 1330 497 1350; x_wconf 64' lang='lat' dir='ltr'><strong><em>z</em></strong></span> <span class='ocrx_word' id='word_1_139' title='bbox 528 1316 592 1351; x_wconf 71' lang='lat'>160</span> <span class='ocrx_word' id='word_1_140' title='bbox 620 1324 665 1354; x_wconf 65' lang='lat' dir='ltr'>—i—</span> <span class='ocrx_word' id='word_1_141' title='bbox 696 1315 770 1351; x_wconf 77' lang='lat'>158.</span> 
     </span>
    </p>
   </div>
   <div class='ocr_carea' id='block_1_8' title="bbox 122 1371 1725 1590">
    <p class='ocr_par' dir='ltr' id='par_1_10' title="bbox 122 1371 1725 1590">
     <span class='ocr_line' id='line_1_20' title="bbox 195 1371 1724 1420; baseline 0.001 -14"><span class='ocrx_word' id='word_1_142' title='bbox 195 1372 370 1415; x_wconf 76' lang='lat' dir='ltr'>Gracilis,</span> <span class='ocrx_word' id='word_1_143' title='bbox 398 1385 506 1419; x_wconf 88' lang='lat' dir='ltr'>supra</span> <span class='ocrx_word' id='word_1_144' title='bbox 536 1371 746 1415; x_wconf 84' lang='lat' dir='ltr'>coeruleus,</span> <span class='ocrx_word' id='word_1_145' title='bbox 770 1377 808 1405; x_wconf 85' lang='lat' dir='ltr'>in</span> <span class='ocrx_word' id='word_1_146' title='bbox 834 1371 1000 1406; x_wconf 83' lang='lat' dir='ltr'>colorem</span> <span class='ocrx_word' id='word_1_147' title='bbox 1026 1371 1158 1406; x_wconf 86' lang='lat' dir='ltr'>florum</span> <span class='ocrx_word' id='word_1_148' title='bbox 1184 1377 1345 1419; x_wconf 78' lang='lat' dir='ltr'>persicae</span> <span class='ocrx_word' id='word_1_149' title='bbox 1365 1379 1528 1418; x_wconf 81' lang='lat' dir='ltr'>varians,</span> <span class='ocrx_word' id='word_1_150' title='bbox 1551 1373 1724 1420; x_wconf 77' lang='lat' dir='ltr'>glaberri-</span> 
     </span>
     <span class='ocr_line' id='line_1_21' title="bbox 122 1426 1725 1478; baseline 0.001 -15"><span class='ocrx_word' id='word_1_151' title='bbox 122 1440 201 1463; x_wconf 84' lang='lat' dir='ltr'>mus</span> <span class='ocrx_word' id='word_1_152' title='bbox 216 1456 224 1472; x_wconf 89' lang='lat'>‚</span> <span class='ocrx_word' id='word_1_153' title='bbox 243 1428 308 1462; x_wconf 88' lang='lat' dir='ltr'>sed</span> <span class='ocrx_word' id='word_1_154' title='bbox 330 1427 456 1462; x_wconf 82' lang='lat' dir='ltr'>subtus</span> <span class='ocrx_word' id='word_1_155' title='bbox 480 1427 585 1462; x_wconf 88' lang='lat' dir='ltr'>albus</span> <span class='ocrx_word' id='word_1_156' title='bbox 603 1455 612 1471; x_wconf 64' lang='lat'>7</span> <span class='ocrx_word' id='word_1_157' title='bbox 643 1426 823 1461; x_wconf 79' lang='lat' dir='ltr'>ssavicanS.</span> <span class='ocrx_word' id='word_1_158' title='bbox 845 1429 964 1474; x_wconf 88' lang='lat' dir='ltr'>Caput</span> <span class='ocrx_word' id='word_1_159' title='bbox 987 1439 1116 1475; x_wconf 84' lang='lat' dir='ltr'>parum</span> <span class='ocrx_word' id='word_1_160' title='bbox 1142 1428 1348 1463; x_wconf 81' lang='lat' dir='ltr'>discretum.</span> <span class='ocrx_word' id='word_1_161' title='bbox 1383 1430 1508 1475; x_wconf 84' lang='lat' dir='ltr'>Quum</span> <span class='ocrx_word' id='word_1_162' title='bbox 1531 1442 1577 1464; x_wconf 78' lang='lat' dir='ltr'>ex</span> <span class='ocrx_word' id='word_1_163' title='bbox 1599 1436 1725 1478; x_wconf 83' lang='lat' dir='ltr'>spiritu</span> 
     </span>
     <span class='ocr_line' id='line_1_22' title="bbox 123 1482 1724 1530; baseline 0.002 -11"><span class='ocrx_word' id='word_1_164' title='bbox 123 1491 197 1521; x_wconf 81' lang='lat' dir='ltr'>vini</span> <span class='ocrx_word' id='word_1_165' title='bbox 215 1490 450 1527; x_wconf 83' lang='lat' dir='ltr'>exemisse1n‚</span> <span class='ocrx_word' id='word_1_166' title='bbox 471 1483 565 1517; x_wconf 86' lang='lat' dir='ltr'>odor</span> <span class='ocrx_word' id='word_1_167' title='bbox 578 1482 779 1530; x_wconf 85' lang='lat' dir='ltr'>lycoperdo</span> <span class='ocrx_word' id='word_1_168' title='bbox 797 1482 915 1517; x_wconf 88' lang='lat' dir='ltr'>tuberi</span> <span class='ocrx_word' id='word_1_169' title='bbox 935 1483 1041 1519; x_wconf 86' lang='lat' dir='ltr'>valde</span> <span class='ocrx_word' id='word_1_170' title='bbox 1060 1482 1185 1518; x_wconf 84' lang='lat' dir='ltr'>similis</span> <span class='ocrx_word' id='word_1_171' title='bbox 1200 1489 1293 1520; x_wconf 82' lang='lat' dir='ltr'>visus</span> <span class='ocrx_word' id='word_1_172' title='bbox 1309 1498 1412 1521; x_wconf 82' lang='lat' dir='ltr'>nares</span> <span class='ocrx_word' id='word_1_173' title='bbox 1431 1485 1533 1522; x_wconf 75' lang='lat' dir='ltr'>feriit.</span> <span class='ocrx_word' id='word_1_174' title='bbox 1560 1488 1621 1521; x_wconf 87' lang='lat' dir='ltr'>An</span> <span class='ocrx_word' id='word_1_175' title='bbox 1640 1487 1724 1522; x_wconf 71' lang='lat' dir='ltr'>huie</span> 
     </span>
     <span class='ocr_line' id='line_1_23' title="bbox 124 1539 827 1590; baseline -0.007 -13"><span class='ocrx_word' id='word_1_176' title='bbox 124 1546 284 1590; x_wconf 84' lang='lat' dir='ltr'>serpenti</span> <span class='ocrx_word' id='word_1_177' title='bbox 305 1545 482 1588; x_wconf 86' lang='lat' dir='ltr'>proprius.</span> <span class='ocrx_word' id='word_1_178' title='bbox 512 1540 570 1573; x_wconf 82' lang='lat' dir='ltr'>Ex</span> <span class='ocrx_word' id='word_1_179' title='bbox 583 1539 827 1583; x_wconf 87' lang='lat' dir='ltr'>Ramsayanis.</span> 
     </span>
    </p>
   </div>
   <div class='ocr_carea' id='block_1_9' title="bbox 336 1624 1517 1671">
    <p class='ocr_par' dir='ltr' id='par_1_11' title="bbox 336 1624 1517 1671">
     <span class='ocr_line' id='line_1_24' title="bbox 336 1624 1517 1671; baseline 0.002 -2"><span class='ocrx_word' id='word_1_180' title='bbox 336 1625 722 1669; x_wconf 83' lang='lat' dir='ltr'>COLUBER</span> <span class='ocrx_word' id='word_1_181' title='bbox 764 1624 1311 1669; x_wconf 76' lang='lat' dir='ltr'>EPIDAURIUS?</span> <span class='ocrx_word' id='word_1_182' title='bbox 1356 1627 1517 1671; x_wconf 83' lang='lat' dir='ltr'>Nobis.</span> 
     </span>
    </p>
   </div>
   <div class='ocr_carea' id='block_1_10' title="bbox 124 1703 1724 2256">
    <p class='ocr_par' dir='ltr' id='par_1_12' title="bbox 198 1703 633 1741">
     <span class='ocr_line' id='line_1_25' title="bbox 198 1703 633 1741; baseline -0.002 -4"><span class='ocrx_word' id='word_1_183' title='bbox 198 1703 267 1738; x_wconf 74' lang='lat'>300</span> <span class='ocrx_word' id='word_1_184' title='bbox 293 1716 359 1735; x_wconf 70' lang='lat' dir='ltr'><strong><em>z</em></strong></span> <span class='ocrx_word' id='word_1_185' title='bbox 386 1715 455 1737; x_wconf 87' lang='lat'>200</span> <span class='ocrx_word' id='word_1_186' title='bbox 482 1711 527 1741; x_wconf 65' lang='lat' dir='ltr'>—i—</span> <span class='ocrx_word' id='word_1_187' title='bbox 559 1713 633 1737; x_wconf 89' lang='lat'>100.</span> 
     </span>
    </p>

    <p class='ocr_par' dir='ltr' id='par_1_13' title="bbox 124 1757 1724 2256">
     <span class='ocr_line' id='line_1_26' title="bbox 196 1757 1723 1807; baseline 0.003 -14"><span class='ocrx_word' id='word_1_188' title='bbox 196 1758 406 1806; x_wconf 79' lang='lat' dir='ltr'>Longitudo</span> <span class='ocrx_word' id='word_1_189' title='bbox 428 1758 563 1805; x_wconf 85' lang='lat' dir='ltr'>pedum</span> <span class='ocrx_word' id='word_1_190' title='bbox 583 1757 740 1792; x_wconf 85' lang='lat' dir='ltr'>duorum</span> <span class='ocrx_word' id='word_1_191' title='bbox 761 1769 845 1792; x_wconf 86' lang='lat' dir='ltr'>cum</span> <span class='ocrx_word' id='word_1_192' title='bbox 865 1758 1039 1802; x_wconf 78' lang='lat' dir='ltr'>dimidi03</span> <span class='ocrx_word' id='word_1_193' title='bbox 1062 1765 1237 1795; x_wconf 82' lang='lat' dir='ltr'>crassities</span> <span class='ocrx_word' id='word_1_194' title='bbox 1265 1760 1368 1807; x_wconf 80' lang='lat' dir='ltr'>digiti</span> <span class='ocrx_word' id='word_1_195' title='bbox 1394 1765 1545 1796; x_wconf 87' lang='lat' dir='ltr'>minimi.</span> <span class='ocrx_word' id='word_1_196' title='bbox 1574 1763 1723 1798; x_wconf 83' lang='lat' dir='ltr'>Collum</span> 
     </span>
     <span class='ocr_line' id='line_1_27' title="bbox 124 1813 1722 1865; baseline 0.003 -15"><span class='ocrx_word' id='word_1_197' title='bbox 124 1821 385 1859; x_wconf 78' lang='lat' dir='ltr'>constrictum3</span> <span class='ocrx_word' id='word_1_198' title='bbox 406 1815 522 1849; x_wconf 82' lang='lat' dir='ltr'>cauda</span> <span class='ocrx_word' id='word_1_199' title='bbox 542 1823 749 1859; x_wconf 83' lang='lat' dir='ltr'>attenuata,</span> <span class='ocrx_word' id='word_1_200' title='bbox 773 1813 1005 1862; x_wconf 80' lang='lat' dir='ltr'>longitudine</span> <span class='ocrx_word' id='word_1_201' title='bbox 1024 1815 1204 1863; x_wconf 80' lang='lat' dir='ltr'>pollicum</span> <span class='ocrx_word' id='word_1_202' title='bbox 1225 1827 1366 1865; x_wconf 83' lang='lat' dir='ltr'>septem</span> <span class='ocrx_word' id='word_1_203' title='bbox 1389 1827 1424 1851; x_wconf 85' lang='lat' dir='ltr'>et</span> <span class='ocrx_word' id='word_1_204' title='bbox 1445 1817 1596 1854; x_wconf 86' lang='lat' dir='ltr'>dimidii.</span> <span class='ocrx_word' id='word_1_205' title='bbox 1622 1821 1722 1854; x_wconf 89' lang='lat' dir='ltr'>Dor-</span> 
     </span>
     <span class='ocr_line' id='line_1_28' title="bbox 125 1870 1722 1921; baseline 0.002 -14"><span class='ocrx_word' id='word_1_206' title='bbox 125 1884 205 1907; x_wconf 85' lang='lat' dir='ltr'>sum</span> <span class='ocrx_word' id='word_1_207' title='bbox 231 1881 454 1916; x_wconf 86' lang='lat' dir='ltr'>testaeeum,</span> <span class='ocrx_word' id='word_1_208' title='bbox 482 1870 634 1905; x_wconf 84' lang='lat' dir='ltr'>maculis</span> <span class='ocrx_word' id='word_1_209' title='bbox 656 1871 984 1918; x_wconf 82' lang='lat' dir='ltr'>longitudinalibus</span> <span class='ocrx_word' id='word_1_210' title='bbox 1004 1871 1110 1907; x_wconf 81' lang='lat' dir='ltr'>fuscis</span> <span class='ocrx_word' id='word_1_211' title='bbox 1133 1872 1506 1921; x_wconf 77' lang='lat' dir='ltr'>albido-marginatis</span> <span class='ocrx_word' id='word_1_212' title='bbox 1520 1903 1528 1919; x_wconf 86' lang='lat'>‚</span> <span class='ocrx_word' id='word_1_213' title='bbox 1548 1876 1722 1921; x_wconf 70' lang='lat' dir='ltr'>rotundis,</span> 
     </span>
     <span class='ocr_line' id='line_1_29' title="bbox 124 1928 1723 1975; baseline 0.001 -12"><span class='ocrx_word' id='word_1_214' title='bbox 124 1929 290 1963; x_wconf 84' lang='lat' dir='ltr'>diametri</span> <span class='ocrx_word' id='word_1_215' title='bbox 302 1928 480 1962; x_wconf 85' lang='lat' dir='ltr'>linearum</span> <span class='ocrx_word' id='word_1_216' title='bbox 499 1937 673 1975; x_wconf 81' lang='lat' dir='ltr'>quatu0r3</span> <span class='ocrx_word' id='word_1_217' title='bbox 692 1933 824 1975; x_wconf 84' lang='lat' dir='ltr'>passim</span> <span class='ocrx_word' id='word_1_218' title='bbox 836 1928 1045 1963; x_wconf 81' lang='lat' dir='ltr'>dimidiatae</span> <span class='ocrx_word' id='word_1_219' title='bbox 1061 1938 1202 1964; x_wconf 83' lang='lat' dir='ltr'>tautum</span> <span class='ocrx_word' id='word_1_220' title='bbox 1215 1940 1298 1964; x_wconf 87' lang='lat' dir='ltr'>sunt</span> <span class='ocrx_word' id='word_1_221' title='bbox 1314 1929 1384 1964; x_wconf 85' lang='lat' dir='ltr'>hae</span> <span class='ocrx_word' id='word_1_222' title='bbox 1402 1930 1566 1966; x_wconf 86' lang='lat' dir='ltr'>maculae</span> <span class='ocrx_word' id='word_1_223' title='bbox 1586 1942 1620 1966; x_wconf 79' lang='lat' dir='ltr'>et</span> <span class='ocrx_word' id='word_1_224' title='bbox 1634 1945 1723 1965; x_wconf 85' lang='lat' dir='ltr'>con-</span> 
     </span>
     <span class='ocr_line' id='line_1_30' title="bbox 125 1983 1724 2034; baseline 0.002 -15"><span class='ocrx_word' id='word_1_225' title='bbox 125 1984 242 2019; x_wconf 80' lang='lat' dir='ltr'>fluunt</span> <span class='ocrx_word' id='word_1_226' title='bbox 257 1989 294 2017; x_wconf 83' lang='lat' dir='ltr'>in</span> <span class='ocrx_word' id='word_1_227' title='bbox 312 1983 447 2019; x_wconf 86' lang='lat' dir='ltr'>lineam</span> <span class='ocrx_word' id='word_1_228' title='bbox 462 1990 651 2019; x_wconf 85' lang='lat' dir='ltr'>sinuatam.</span> <span class='ocrx_word' id='word_1_229' title='bbox 679 1983 739 2018; x_wconf 90' lang='lat' dir='ltr'>Ad</span> <span class='ocrx_word' id='word_1_230' title='bbox 755 1983 867 2018; x_wconf 84' lang='lat' dir='ltr'>latera</span> <span class='ocrx_word' id='word_1_231' title='bbox 886 1995 1021 2032; x_wconf 85' lang='lat' dir='ltr'>puncta</span> <span class='ocrx_word' id='word_1_232' title='bbox 1036 1985 1268 2034; x_wconf 83' lang='lat' dir='ltr'>nebulaeque</span> <span class='ocrx_word' id='word_1_233' title='bbox 1287 1999 1426 2034; x_wconf 84' lang='lat' dir='ltr'>sparsae</span> <span class='ocrx_word' id='word_1_234' title='bbox 1443 1987 1571 2022; x_wconf 74' lang='lat' dir='ltr'>fuscae.</span> <span class='ocrx_word' id='word_1_235' title='bbox 1587 1989 1724 2022; x_wconf 76' lang='lat' dir='ltr'>Venter</span> 
     </span>
     <span class='ocr_line' id='line_1_31' title="bbox 125 2039 1722 2090; baseline 0.002 -15"><span class='ocrx_word' id='word_1_236' title='bbox 125 2040 239 2075; x_wconf 87' lang='lat' dir='ltr'>albus.</span> <span class='ocrx_word' id='word_1_237' title='bbox 265 2039 341 2074; x_wconf 85' lang='lat' dir='ltr'>Sub</span> <span class='ocrx_word' id='word_1_238' title='bbox 362 2040 478 2076; x_wconf 77' lang='lat' dir='ltr'>cauda</span> <span class='ocrx_word' id='word_1_239' title='bbox 497 2040 625 2075; x_wconf 81' lang='lat' dir='ltr'>oculus</span> <span class='ocrx_word' id='word_1_240' title='bbox 656 2050 813 2075; x_wconf 70' lang='lat' dir='ltr'>armatus</span> <span class='ocrx_word' id='word_1_241' title='bbox 841 2040 972 2074; x_wconf 83' lang='lat' dir='ltr'>similia</span> <span class='ocrx_word' id='word_1_242' title='bbox 996 2051 1131 2088; x_wconf 87' lang='lat' dir='ltr'>puncta</span> <span class='ocrx_word' id='word_1_243' title='bbox 1159 2042 1305 2089; x_wconf 73' lang='lat' dir='ltr'>detegit.</span> <span class='ocrx_word' id='word_1_244' title='bbox 1341 2042 1523 2090; x_wconf 85' lang='lat' dir='ltr'>Squamae</span> <span class='ocrx_word' id='word_1_245' title='bbox 1553 2043 1722 2078; x_wconf 74' lang='lat' dir='ltr'>candales</span> 
     </span>
     <span class='ocr_line' id='line_1_32' title="bbox 124 2096 1721 2146; baseline 0.002 -14"><span class='ocrx_word' id='word_1_246' title='bbox 124 2107 318 2132; x_wconf 86' lang='lat' dir='ltr'>numeratu</span> <span class='ocrx_word' id='word_1_247' title='bbox 340 2097 439 2132; x_wconf 88' lang='lat' dir='ltr'>haud</span> <span class='ocrx_word' id='word_1_248' title='bbox 466 2097 602 2133; x_wconf 77' lang='lat' dir='ltr'>faciles.</span> <span class='ocrx_word' id='word_1_249' title='bbox 635 2096 727 2132; x_wconf 82' lang='lat' dir='ltr'>Tela</span> <span class='ocrx_word' id='word_1_250' title='bbox 748 2096 860 2131; x_wconf 87' lang='lat' dir='ltr'>nulla.</span> <span class='ocrx_word' id='word_1_251' title='bbox 890 2098 1025 2130; x_wconf 82' lang='lat' dir='ltr'>Fauces</span> <span class='ocrx_word' id='word_1_252' title='bbox 1048 2097 1260 2144; x_wconf 79' lang='lat' dir='ltr'>granulatae</span> <span class='ocrx_word' id='word_1_253' title='bbox 1288 2104 1391 2134; x_wconf 85' lang='lat' dir='ltr'>visae.</span> <span class='ocrx_word' id='word_1_254' title='bbox 1432 2098 1598 2146; x_wconf 77' lang='lat' dir='ltr'>(Macula</span> <span class='ocrx_word' id='word_1_255' title='bbox 1623 2099 1721 2135; x_wconf 84' lang='lat' dir='ltr'>fusca</span> 
     </span>
     <span class='ocr_line' id='line_1_33' title="bbox 125 2152 1722 2203; baseline 0.003 -17"><span class='ocrx_word' id='word_1_256' title='bbox 125 2158 163 2187; x_wconf 84' lang='lat' dir='ltr'>in</span> <span class='ocrx_word' id='word_1_257' title='bbox 191 2153 407 2188; x_wconf 87' lang='lat' dir='ltr'>intermedio</span> <span class='ocrx_word' id='word_1_258' title='bbox 437 2153 654 2200; x_wconf 76' lang='lat' dir='ltr'>oculorum,</span> <span class='ocrx_word' id='word_1_259' title='bbox 682 2153 778 2189; x_wconf 83' lang='lat' dir='ltr'>linea</span> <span class='ocrx_word' id='word_1_260' title='bbox 802 2152 954 2201; x_wconf 75' lang='lat' dir='ltr'>posthac</span> <span class='ocrx_word' id='word_1_261' title='bbox 986 2152 1086 2188; x_wconf 78' lang='lat' dir='ltr'>fusca</span> <span class='ocrx_word' id='word_1_262' title='bbox 1111 2160 1151 2189; x_wconf 85' lang='lat' dir='ltr'>in</span> <span class='ocrx_word' id='word_1_263' title='bbox 1179 2160 1359 2203; x_wconf 78' lang='lat' dir='ltr'>occipite,</span> <span class='ocrx_word' id='word_1_264' title='bbox 1394 2154 1513 2190; x_wconf 85' lang='lat' dir='ltr'>media</span> <span class='ocrx_word' id='word_1_265' title='bbox 1541 2165 1642 2202; x_wconf 78' lang='lat' dir='ltr'>parte</span> <span class='ocrx_word' id='word_1_266' title='bbox 1667 2161 1722 2192; x_wconf 84' lang='lat' dir='ltr'>in-</span> 
     </span>
     <span class='ocr_line' id='line_1_34' title="bbox 127 2209 321 2256; baseline -0.015 -11"><span class='ocrx_word' id='word_1_267' title='bbox 127 2209 321 2256; x_wconf 78' lang='lat' dir='ltr'>crassata.)</span> 
     </span>
    </p>
   </div>
   <div class='ocr_carea' id='block_1_11' title="bbox 293 333 358 338">
    <p class='ocr_par' dir='ltr' id='par_1_14' title="bbox 293 333 358 338">
     <span class='ocr_line' id='line_1_35' title="bbox 293 333 358 338; baseline 0 0"><span class='ocrx_word' id='word_1_268' title='bbox 293 333 358 338; x_wconf 95' lang='lat' dir='ltr'> </span> 
     </span>
    </p>
   </div>
   <div class='ocr_carea' id='block_1_12' title="bbox 293 349 357 353">
    <p class='ocr_par' dir='ltr' id='par_1_15' title="bbox 293 349 357 353">
     <span class='ocr_line' id='line_1_36' title="bbox 293 349 357 353; baseline 0 0"><span class='ocrx_word' id='word_1_269' title='bbox 293 349 357 353; x_wconf 95' lang='lat' dir='ltr'> </span> 
     </span>
    </p>
   </div>
   <div class='ocr_carea' id='block_1_13' title="bbox 1388 2268 1485 2302">
    <p class='ocr_par' dir='ltr' id='par_1_16' title="bbox 1388 2268 1485 2302">
     <span class='ocr_line' id='line_1_37' title="bbox 1388 2268 1485 2302; baseline -0.01 0"><span class='ocrx_word' id='word_1_270' title='bbox 1388 2268 1430 2302; x_wconf 81' lang='lat' dir='ltr'>M</span> <span class='ocrx_word' id='word_1_271' title='bbox 1447 2279 1485 2301; x_wconf 91' lang='lat' dir='ltr'>m</span> 
     </span>
    </p>
   </div>
  </div>
 </body>
</html>
