2054 2748
289 207 369 237 220

599 289 642 324 T.
675 287 813 334 ija.

336 346 472 382 Discus
492 344 708 381 tessularum
726 342 904 387 elevatus,
925 340 1060 390 glaber.

337 460 571 496 Tessularum
599 457 688 491 disci
708 454 915 491 lateralium
942 455 1061 491 lineae

288 527 433 554 tantum
453 518 544 552 duae
560 512 842 561 subdiagonales
856 522 1061 548 extrorsum

288 574 525 622 divergentes.

336 629 570 666 Tessularum
582 624 840 673 marginalium
850 625 970 661 discus
983 636 1061 660 me·

288 687 367 723 dius
387 685 583 734 quadratus
599 682 730 717 nullus.

338 745 469 777 Lineae
484 739 685 789 parallelae
696 751 733 774 se
748 738 981 774 includentes
991 747 1061 773 tes-

287 798 460 835 sellarum
479 803 597 832 minus
618 796 821 831 distinctae.

337 855 400 891 Ad
427 855 516 890 duas
537 859 659 889 tertias
683 852 886 888 latitudinis
909 851 1060 887 tessula-

287 925 370 948 rum
388 910 644 959 marginalium
660 915 821 959 poeticus
834 919 947 944 testae
966 921 1062 943 mar-

288 981 336 1016 go
358 982 455 1013 non,
486 968 567 1014 (aut
595 973 633 1001 in
661 965 731 1000 alia
749 966 827 1011 vix)
861 972 899 1000 in
923 976 1063 1000 costam

290 1037 353 1060 seu
368 1030 529 1059 carinam
545 1027 789 1057 continuatus.

337 1079 513 1114 Sternalis
537 1088 650 1112 testae
678 1077 772 1111 duae
801 1077 969 1111 tessellae,
998 1090 1063 1110 an-

290 1141 440 1171 teriores
455 1134 685 1179 conjunctim
704 1132 824 1167 cordis
839 1131 996 1166 formam
1010 1144 1064 1166 re-

290 1192 458 1227 ferentes.

341 1246 457 1283 Color
476 1245 586 1281 ssavus
606 1245 776 1294 pallidus.

338 1303 526 1340 Tessellae
546 1303 710 1338 dorsales
724 1308 762 1337 in
777 1300 919 1337 ambitu
939 1305 1064 1336 striato

290 1368 437 1409 nigrae,
461 1367 499 1395 in
523 1361 623 1395 disco
648 1359 776 1407 glabro
802 1368 1067 1402 marmoratae,

293 1428 356 1453 aut
371 1423 475 1465 nigro
495 1416 653 1451 ambitus
665 1415 833 1463 flavoque
844 1415 933 1449 disci
946 1421 1067 1448 sinua-

293 1480 338 1510 tis
358 1483 395 1508 et
414 1477 625 1520 interruptis
642 1471 818 1506 limitibus
833 1470 1017 1505 distincto,

341 1529 530 1565 Tessellae
555 1527 775 1576 marginales
803 1527 862 1562 vel
885 1531 1066 1561 anteriore

293 1596 439 1622 tantum
456 1590 620 1632 margine
639 1585 777 1619 lineam
794 1590 934 1631 nigram
952 1588 1065 1631 posti-

295 1656 337 1679 ce
352 1642 544 1678 dilatatam
558 1640 714 1686 habent,
730 1640 789 1676 vel
804 1650 839 1675 et
852 1644 1067 1687 posteriore,

296 1710 331 1736 et
351 1706 389 1734 in
405 1699 504 1734 disco
521 1697 764 1745 irregulariter
781 1695 996 1730 maculatae.

343 1755 531 1791 Tessellae
554 1753 728 1790 sternales
747 1765 792 1787 ex
807 1751 943 1799 angulo
965 1760 1069 1786 ante-

295 1820 390 1850 riore
414 1823 451 1848 et
478 1817 650 1847 interiore
678 1818 962 1857 convergentem
987 1820 1067 1843 ver-

296 1883 354 1906 sus
369 1869 532 1904 medium
546 1866 730 1903 maculam
744 1872 886 1914 nigram
900 1864 1048 1899 habent.

345 1926 478 1962 Sutura
510 1938 582 1974 qua
616 1923 783 1959 tessellae
812 1920 1068 1958 abdominales

296 1985 499 2032 junguntur
542 1980 743 2029 inaequalis
768 2008 776 2026 ‚
827 1977 1071 2027 irregulariter

299 2042 459 2076 dentata.

635 200 1124 234 OBSERVATIONES
1166 200 1542 232 ZOOLOGICAE.

1384 287 1425 321 T.
1465 285 1632 320 Graeca.

1173 342 1308 378 Discus
1334 342 1551 378 tessularum
1573 342 1785 391 depressus,
1817 354 1895 378 sca-

1124 399 1337 435 briusculus.

1172 458 1320 492 Praeter
1334 455 1399 492 has
1422 455 1511 491 duas
1531 455 1647 491 lineas
1666 456 1786 492 adhuc
1802 456 1896 492 duae

1125 524 1240 549 tresve
1259 513 1353 549 aliae
1376 512 1626 548 intermediae.

1173 626 1408 662 Tessularum
1419 625 1677 673 marginalium
1693 625 1811 661 discus
1822 637 1898 660 me-

1127 683 1206 718 dius
1220 683 1417 732 quadratus
1437 683 1736 717 distinctissimus.

1174 740 1340 775 Eaedem
1354 745 1468 787 magis
1483 739 1687 783 distinctae,
1703 743 1898 787 praecipue

1126 802 1163 831 in
1185 795 1465 843 marginalibus,
1484 806 1519 831 et
1535 795 1763 831 eternalibus.

1176 852 1277 888 Idem
1297 865 1422 900 margo
1448 858 1487 887 in
1511 851 1720 887 distinctam
1739 857 1900 886 carinam

1128 915 1374 946 continuatus.

1178 1077 1343 1112 Eaedem
1363 1081 1478 1124 magis
1496 1075 1692 1119 dilatatae,
1713 1083 1902 1109 etantror-

1129 1144 1210 1167 sum
1230 1131 1419 1168 obtusiore
1444 1130 1582 1178 angulo
1603 1130 1842 1166 coadunatae.

1180 1244 1295 1281 Color
1314 1244 1425 1281 ssavus
1438 1249 1552 1293 magis
1568 1242 1696 1278 fulvus.

1179 1301 1427 1337 Tessellarum
1448 1301 1647 1338 dorsalium
1668 1298 1785 1334 fulvus
1814 1298 1904 1334 disci

1133 1358 1239 1393 color
1251 1387 1259 1403 ,
1284 1359 1465 1394 distinctis
1484 1364 1666 1406 rectisque
1685 1355 1861 1392 limitibus
1883 1369 1905 1392 a

1133 1420 1237 1461 nigro
1255 1414 1397 1448 ambitu
1416 1424 1611 1462 separamS.

1180 1526 1444 1574 Marginalium
1456 1525 1685 1560 tessellatum
1700 1524 1818 1560 discus
1831 1523 1903 1559 ful*-

1131 1596 1214 1629 vus,
1238 1583 1396 1619 ambitus
1416 1588 1529 1630 niger.

1181 1751 1394 1787 Earundem
1406 1750 1564 1786 ambitus
1577 1756 1681 1799 niger
1695 1751 1812 1787 discus
1827 1765 1904 1789 ver-

1133 1821 1191 1843 sus
1207 1813 1388 1842 exteriora
1409 1813 1587 1843 remotior
1607 1807 1734 1844 fulvus.

1182 1920 1323 1956 Eadem
1349 1930 1473 1957 sutura
1500 1920 1779 1968 longitudinalis
1808 1933 1905 1959 recta

1134 1982 1194 2013 vix
1212 1990 1369 2013 sinuosa.

372 2107 393 2141 J
397 2117 457 2139 am
474 2115 560 2139 vero
581 2102 688 2138 video
714 2101 969 2150 Schoepfimn,
988 2106 1026 2135 in
1046 2099 1141 2135 libro
1157 2099 1206 2134 de
1230 2099 1512 2134 Testudinibus
1530 2111 1596 2147 pro
1609 2111 1758 2147 graeca
1774 2099 1908 2136 descri-

300 2163 386 2198 bere
407 2172 444 2197 et
458 2166 607 2209 pingere
629 2158 721 2194 Tab.
735 2161 827 2194 VIII.
847 2164 1063 2207 ipsissimam
1087 2157 1212 2202 illam,
1239 2168 1351 2204 quam
1380 2156 1429 2191 ob
1449 2157 1604 2191 caudzim
1631 2156 1908 2204 unguiculatam

300 2233 365 2268 pro
382 2217 566 2254 carolina
588 2221 627 2250 in
646 2227 772 2250 museo
796 2226 973 2251 servatam
997 2214 1050 2250 illi
1070 2219 1258 2258 miseram,
1284 2223 1321 2249 et
1343 2215 1444 2260 cujus
1459 2218 1628 2248 meminit
1647 2213 1909 2250 Sclmeiderus

303 2291 335 2325 p.
354 2277 432 2319 548.
463 2285 499 2310 ct
529 2278 681 2309 nomine
711 2273 753 2308 T.
780 2271 1004 2307 Hermamn'
1029 2276 1222 2320 proposuit
1245 2270 1465 2306 Gmelc'ems.
1493 2271 1593 2317 Quas
1611 2280 1733 2307 autem
1754 2284 1821 2319 ego
1848 2271 1908 2307 hic

1839 2341 1906 2376 pro
