2054 2748
251 146 329 189 180
618 152 1094 186 OBSERVATIONES
1141 153 1503 182 zooLooioAE.

245 248 399 278 mariam
422 247 521 277 misit
545 246 583 276 in
603 240 731 276 litteris
755 239 787 274 d.
807 254 833 273 1.
850 237 946 272 Flor.
961 237 1032 272 Ao.
1053 236 1084 272 3.
1100 235 1419 284 Schauenburgius
1433 266 1440 282 ,
1455 249 1564 286 quam
1581 248 1647 286 pro
1663 237 1856 286 Blongios

246 299 367 335 habet.
395 298 469 334 Sed
483 303 594 347 ipsius
613 303 686 332 avis
709 301 849 342 nigram
872 293 1000 329 habuit
1022 299 1188 339 cristam,
1209 306 1280 342 qua
1302 303 1401 329 caret
1422 294 1614 342 blongios.

511 381 953 427 TANTALUS
1005 381 1590 425 FALCINELLUS.

321 471 502 514 FEMINA,
521 468 554 502 d.
577 466 628 502 16.
645 466 727 501 Oct.
753 466 853 512 1739·
872 465 993 501 adme
1006 465 1128 501 allata.
1155 465 1330 513 Superue
1350 478 1499 500 aeneus
1512 494 1523 509 ,
1543 467 1695 512 inferne
1705 467 1858 514 fuscus.

321 524 551 573 Longicuclo
578 528 652 557 avis
676 522 871 570 pendentis
892 522 939 557 ab
964 528 1068 571 apice
1096 528 1203 557 rostri
1236 523 1283 557 ad
1307 533 1434 570 pectus
1458 534 1572 570 usque
1601 533 1728 558 exacte
1759 524 1862 572 pedis

249 589 366 618 unius.
404 582 461 615 Ad
487 585 608 628 apices
638 579 835 627 digitorum
861 585 1025 628 suspensi
1046 578 1240 626 longitudo
1262 579 1419 614 duorum
1438 579 1576 627 pedum
1596 592 1680 614 cum
1704 591 1862 628 quatuor

249 638 465 688 pollis-ibus,
483 636 529 671 ad
545 641 690 684 apicem
710 637 848 672 caudae
872 636 1031 671 duorum
1051 636 1198 684 pedum.
1227 636 1447 684 Magnitudo
1471 646 1506 671 et
1529 642 1789 685 proportiones
1808 643 1862 674 uti

252 702 289 731 in
311 707 426 740 mare,
447 707 467 729 a
488 706 561 742 quo
586 693 666 728 solo
688 693 815 729 colore
838 692 967 728 differt.

322 753 484 799 Lingua
506 750 644 796 brevis,
668 750 916 798 triangularis,
935 761 1034 798 pone
1055 749 1188 787 ciliata.
1219 749 1328 784 Gula
1348 748 1456 784 nuda.
1487 748 1606 784 Oculi
1626 748 1764 797 glauci;
1779 750 1862 786 nul-

251 809 306 843 lus
324 808 520 857 peculiaris
541 808 646 842 color
666 813 704 842 in
725 807 825 842 iride.
853 807 982 843 Nares
1001 806 1167 841 lineares.

326 866 456 913 Caput
486 875 521 900 et
548 865 698 900 collum
726 863 852 908 fusca;
886 863 1011 898 subtus
1040 863 1212 898 albedine
1245 863 1425 911 adspersa.
1465 863 1664 904 Dorsum,
1696 862 1864 911 alaeque

249 935 355 970 supra
380 932 416 957 et
439 921 531 957 infra
554 921 767 956 nitidissime
786 933 932 956 aeneae.
960 923 1001 955 In
1022 921 1119 955 dorsi
1133 924 1263 968 pennis
1277 918 1416 968 aliquid
1441 919 1627 955 rubedinis
1641 924 1678 954 in
1698 925 1861 967 margine

253 978 407 1013 accedit.

327 1033 463 1068 Subtus
485 1043 582 1068 totus
607 1033 747 1079 fuscus,
770 1045 854 1068 cuni
873 1038 1083 1081 parcissimo
1107 1044 1235 1068 aeneo.

325 1090 512 1135 Remiges
532 1095 708 1136 primores
727 1089 855 1123 decem
869 1116 877 1132 ,
900 1089 1061 1123 secunda
1081 1088 1237 1135 longior.
1266 1090 1325 1122 Ex
1345 1088 1401 1122 his
1418 1100 1480 1122 sex
1499 1093 1635 1135 priores
1653 1087 1709 1135 (le
1722 1088 1865 1136 fouet)

252 1151 290 1180 in
310 1151 492 1180 anteriore
516 1143 783 1179 articulatione.
804 1144 1048 1179 secundariae
1067 1144 1290 1192 quindecim.
1315 1144 1411 1179 Tota
1433 1143 1492 1178 ala
1511 1143 1672 1192 aequalis
1693 1142 1766 1179 fere
1785 1144 1867 1180 lati-

251 1202 409 1246 tudinis,
436 1200 659 1235 secundariis
682 1200 915 1248 longitudine
935 1212 1056 1248 neque
1079 1200 1185 1235 valde
1209 1200 1455 1235 crescentibus
1476 1212 1598 1248 neque
1625 1200 1868 1236 decrescenti-

252 1257 330 1292 bus.
357 1257 573 1293 Sabalares
592 1256 747 1305 longae,
764 1266 885 1292 rectae
901 1284 909 1301 ,
931 1256 1086 1304 planae,
1107 1266 1205 1291 octo,
1222 1256 1391 1292 Secunda
1410 1256 1642 1304 longissima,
1659 1256 1741 1304 plus
1755 1270 1867 1305 quam

255 1320 420 1362 quinque
448 1314 651 1362 pollicum3
686 1326 806 1349 versus
831 1319 1011 1348 exteriora
1051 1313 1288 1357 decrescunt,
1319 1313 1449 1349 ultima
1480 1318 1540 1348 vix
1568 1313 1869 1361 sesquipollicari.

255 1372 451 1416 Remigum
471 1375 586 1417 prima
606 1375 770 1417 margine
788 1375 1010 1417 posteriore,
1031 1379 1102 1404 tres
1122 1379 1317 1417 sequentes
1329 1379 1486 1417 utroque
1501 1368 1733 1417 aliquantum
1754 1381 1871 1405 emar-

259 1432 414 1475 ginatae.

332 1484 527 1517 [rectrices
544 1481 652 1518 valde
667 1490 866 1517 truncatae.
887 1480 1001 1528 Quod
1016 1480 1089 1516 fere
1105 1480 1258 1516 dubium
1278 1490 1423 1526 movet,
1445 1492 1520 1515 esse
1538 1490 1680 1516 tantum
1698 1480 1872 1517 feminam

259 1538 446 1575 falcinelli.

313 1596 454 1631 Tibiae
465 1599 636 1645 [ursique
645 1602 747 1644 nigri.
759 1597 915 1644 Unguis
923 1596 1065 1631 medius
1077 1601 1221 1630 interne
1230 1604 1397 1641 serratus,
1407 1593 1557 1630 obtusus
1570 1604 1610 1631 ut
1621 1600 1658 1630 in
1673 1595 1873 1634 falcinello.

331 1652 551 1689 Pedicnlum
569 1653 715 1688 nullum
734 1653 833 1688 alere
853 1652 1050 1688 observavi.

331 1712 524 1746 Feminam
545 1716 671 1758 utique
691 1722 767 1745 esse
788 1720 916 1758 postea
935 1722 981 1744 ex
1000 1721 1156 1757 corpore
1176 1718 1284 1743 exuta
1313 1718 1396 1743 cute
1416 1707 1499 1743 vidi.
1523 1709 1565 1743 In
1586 1708 1791 1744 ventriculo
1817 1722 1873 1744 ra-

261 1768 349 1805 nula
373 1777 512 1816 reperta
534 1767 763 1815 semidigesta
778 1796 786 1812 ,
815 1773 872 1802 cui
901 1779 985 1801 cum
1009 1766 1158 1814 reliquis
1185 1770 1369 1800 contentis
1394 1765 1489 1799 odor
1512 1775 1608 1810 erat,
1637 1765 1753 1813 qualis
1777 1765 1873 1802 solet

264 1838 339 1861 esse
363 1825 435 1859 illis
455 1835 594 1859 amatus
615 1824 749 1859 ferinus
771 1824 866 1859 odor
888 1830 926 1858 in
944 1829 1067 1858 assatis
1090 1821 1358 1870 scolopacibus.
1389 1821 1640 1856 Ventriculus
1658 1821 1873 1856 submuscu-

262 1883 370 1918 losus.
404 1884 503 1916 Cutis
528 1881 830 1929 subcartilaginea
860 1885 1074 1915 interiorem
1102 1878 1333 1926 superficiem
1359 1883 1554 1913 investiens
1584 1890 1733 1926 aspera,
1771 1884 1874 1927 quasi

264 1939 472 1989 spinulosa,
499 1949 560 1973 aut
580 1949 828 1982 ramentacea,
847 1942 1073 1985 interspersis
1095 1935 1324 1982 stigmatibus
1342 1935 1449 1971 fuscis
1472 1948 1492 1970 a
1517 1945 1697 1983 punctura
1720 1934 1873 1982 alicujus

264 2002 424 2044 sugentis
448 2001 578 2029 vermis
599 2001 700 2043 quasi
720 2000 866 2029 exortis.
895 1994 1075 2028 Banienta
1106 1991 1168 2026 illa
1192 1992 1510 2038 echinorhynchos
1531 2004 1607 2027 esse
1627 1992 1874 2037 credideram;

265 2054 329 2089 sed
349 2058 513 2087 instituto
540 2058 708 2086 examine
729 2065 807 2086 non
834 2050 924 2086 tales
947 2061 1022 2084 esse
1042 2054 1169 2097 reperi.

339 2112 381 2144 ln
405 2108 611 2144 abdominis
641 2121 729 2142 cavo
758 2109 851 2143 duae
877 2117 1041 2155 repertae
1064 2105 1263 2151 ascarides,
1299 2105 1447 2151 rubrae,
1475 2104 1736 2153 tripollicarCS,
1766 2105 1876 2140 liber-

267 2173 357 2203 rime
382 2166 596 2201 fluctuantes
629 2164 766 2213 absque
789 2165 865 2199 ulla
897 2163 1151 2199 adhaesione:
1188 2167 1417 2198 extremitate
1448 2167 1627 2197 anteriore
1654 2162 1876 2208 annulatae,

270 2230 372 2270 apice
392 2230 429 2258 in
449 2223 653 2271 simplicem
667 2221 844 2270 papillam
866 2221 1067 2256 desinente.
