2054 2748
281 152 359 209 178
647 155 1092 189 OBSERVATIONES
1126 155 1494 185 ZOOLOGICAE.

276 255 422 285 strictae
443 245 694 295 dependentes
726 252 891 291 pennae,
920 239 1112 288 aliquanto
1138 249 1263 274 tamen
1293 243 1463 273 minores.
1490 238 1655 273 Dorsum
1681 239 1792 286 longe
1817 239 1885 274 ob-

277 312 415 341 scurius
437 310 640 347 cinereum,
664 307 738 335 imo
765 310 885 334 versus
909 296 1051 331 collum
1078 303 1287 344 nigrescens
1302 324 1311 342 ,
1338 295 1441 344 quod
1459 300 1499 329 in
1523 308 1623 331 mare
1646 295 1762 331 dilute
1788 302 1888 330 cine-

277 376 389 399 reum.
416 364 565 397 Pennae
593 356 742 406 graciles
765 355 864 390 dorsi
888 359 1091 402 parciores,
1111 353 1314 399 breviores,
1333 352 1458 388 medio
1482 364 1561 386 non
1582 352 1698 388 albae.
1728 355 1768 388 In
1789 358 1888 387 cine-

278 434 338 456 rea
358 419 467 469 plane
487 419 634 460 desunt,
659 413 721 448 sed
742 424 870 447 onmes
891 420 976 446 sunt
1000 410 1228 446 rotundatae.

351 479 494 513 Statura
516 486 608 523 quae
629 477 729 506 mari.

350 532 617 581 pinguedinem
632 541 677 563 ex
694 533 795 563 tarsis
815 527 1008 562 ardearum
1028 525 1156 574 colligi
1169 525 1242 561 vidi
1263 525 1310 560 ab
1327 529 1369 559 iis
1389 529 1452 572 qui
1475 524 1586 558 hamo
1607 528 1737 571 piscari
1751 532 1885 558 amant.

279 593 323 627 Et
338 602 477 631 revera,
498 598 612 634 quum
627 584 793 620 sceleton
811 596 857 618 ex
876 583 986 618 ardea
1004 583 1144 628 majore
1158 592 1363 630 pararetur,
1390 586 1475 616 tarsi
1493 580 1650 628 plurima
1665 579 1888 627 pinguedine

280 659 407 683 manus
426 643 640 679 infecerunt.
666 643 815 689 Pinguis
835 652 898 675 esu
917 639 1066 688 probuS.

693 745 971 789 ARDEA
1018 741 1477 786 GARZETTA.

352 851 529 884 ARDEAM
549 854 745 893 garzettam
764 850 803 879 in
821 846 1014 890 Pyrenaeis
1035 846 1183 889 reperiri
1201 841 1442 887 Peyrousius
1461 836 1585 872 scribit
1610 842 1650 870 in
1671 837 1777 872 Nov.
1798 838 1889 872 Act.

281 907 393 942 Suec.
415 906 511 951 ¹732<
538 905 656 937 Trim.
681 904 735 936 Il.
761 912 815 935 n.0
836 915 867 936 2.

355 964 492 996 Revera
507 959 598 995 inihi
618 958 709 992 olim
730 970 835 992 avem
854 963 1001 991 miserat
1018 983 1026 999 ,
1047 967 1157 1002 quam
1176 966 1242 1002 pro
1264 962 1422 1000 garzetta
1442 951 1505 986 diu
1522 950 1652 992 habui,
1673 950 1759 985 lieet
1771 949 1893 998 plures

283 1019 435 1054 liaberet
458 1029 596 1065 pennas
623 1021 662 1049 in
689 1020 824 1059 crista,
852 1024 966 1060 usque
995 1011 1084 1045 duni
1109 1022 1232 1046 veram
1260 1017 1459 1056 garzettam
1486 1006 1734 1041 obtinuissem.
1770 1007 1895 1054 Atque

281 1075 482 1122 jam-video
497 1079 604 1107 istam
623 1077 857 1119 pyrenaicam
877 1068 1020 1103 differre
1037 1080 1044 1101 ε

361 1132 404 1165 1.⁴’
424 1132 560 1164 Pennis
589 1133 717 1161 cristae
740 1130 965 1168 numerosis,
991 1122 1084 1156 sorte
1104 1126 1389 1169 quinquaginta,
1416 1119 1560 1166 rigidis,
1582 1132 1696 1167 quum
1715 1129 1895 1166 garzettae

283 1194 355 1224 sint
378 1187 471 1221 duae
486 1183 690 1232 pendulae,
719 1182 832 1229 longe
852 1181 960 1215 latius
980 1178 1157 1223 barbatis,
1181 1177 1417 1213 brevioribus.

357 1253 405 1278 25²
426 1243 559 1277 Rostro
580 1252 715 1275 novem
735 1238 840 1272 lineis
864 1237 1051 1280 breviore,
1073 1235 1161 1270 licet
1188 1245 1324 1270 statura
1352 1245 1481 1282 parum
1507 1238 1629 1267 minor
1652 1238 1697 1269 sit
1720 1242 1897 1280 garzetta,

285 1314 363 1337 non
385 1305 489 1347 nigro
507 1327 515 1343 ,
537 1297 602 1332 secl
623 1306 663 1332 ut
687 1295 830 1332 videtur
852 1294 943 1328 olim
962 1293 1066 1328 flavo.

359 1357 407 1390 δέ)
428 1358 565 1401 Digitis
585 1359 696 1388 etiam
719 1351 961 1394 brevioribus,
985 1359 1022 1384 et
1037 1359 1077 1383 ut
1090 1348 1233 1383 videtur
1250 1354 1288 1381 in
1308 1357 1457 1382 recente
1479 1360 1544 1383 ave
1562 1346 1718 1394 pallidis.

359 1419 406 1454 4.⁰
426 1412 563 1453 Pennis
588 1407 699 1442 nullis
727 1407 847 1452 longis
868 1403 1064 1439 linearibus
1090 1408 1129 1436 in
1149 1412 1298 1450 pectore
1321 1402 1639 1451 dependentibus,
1664 1402 1791 1451 quales
1815 1413 1899 1438 sunt

287 1476 325 1505 in
345 1476 503 1516 garzetta
523 1475 559 1500 et
578 1463 687 1498 ardea
715 1463 855 1508 majore
878 1472 989 1495 mare.

361 1526 410 1560 59
430 1525 631 1569 Praecipue
650 1525 780 1568 pennis
804 1517 894 1553 laxis
914 1523 952 1551 in
974 1526 1161 1564 postremo
1186 1515 1294 1550 dorso
1320 1528 1397 1550 non
1423 1516 1562 1564 planis,
1587 1515 1650 1551 sed
1669 1515 1899 1552 verticalibus

289 1584 504 1629 compressis
523 1583 685 1624 utrisque
709 1574 829 1609 barbis
846 1580 886 1608 in
909 1573 1049 1621 duplici
1066 1572 1179 1620 plano
1202 1579 1339 1620 positis.

364 1638 535 1672 Garzetta
560 1634 818 1669 diminutivum
839 1644 861 1666 a
879 1643 982 1678 garza
995 1657 1004 1674 ,
1031 1629 1132 1677 quod
1152 1631 1325 1677 Hispanis
1348 1628 1497 1664 ardeam
1516 1629 1704 1677 significat.

363 1694 465 1730 Olim
483 1693 654 1740 frequens
678 1689 791 1724 hodie
812 1701 890 1724 rara
913 1693 953 1721 in
981 1686 1118 1734 Anglia
1141 1696 1176 1721 et
1201 1692 1336 1721 mensis
1366 1692 1547 1734 expetita,
1573 1692 1683 1721 etiam
1708 1691 1835 1721 cristae
1856 1698 1902 1721 ex

293 1756 367 1801 ojus
390 1756 520 1800 pennis
539 1759 707 1798 paratae,
732 1746 831 1781 unde
851 1757 989 1780 nomen
1008 1748 1049 1777 iis
1068 1742 1115 1778 ab
1136 1755 1222 1789 ave,
1245 1755 1323 1777 non
1339 1748 1416 1778 vice
1432 1753 1551 1778 versa:
1571 1754 1658 1777 nam
1678 1747 1751 1778 avis
1764 1754 1903 1777 nomen

291 1812 474 1858 Ac'grecce
492 1810 593 1855 juxta
611 1805 822 1842 Bellonium
837 1816 872 1852 p.
894 1803 968 1850 195.
983 1806 1197 1848 impositum
1212 1802 1239 1835 a*
1258 1812 1379 1835 cause
1392 1799 1441 1834 de
1460 1799 1649 1847 l'czigreur
1663 1799 1712 1833 de
1731 1812 1776 1834 sa
1790 1802 1900 1836 voix.

778 1905 1054 1951 ARDEA
1100 1903 1413 1948 GRISEA.

371 2013 546 2060 Occipice
565 2010 801 2044 subcrisaaco
816 2035 827 2050 ,
853 2008 1008 2054 grisea,
1036 2004 1178 2051 pennis
1199 2002 1309 2037 disco
1326 2002 1481 2049 fuscis,
1508 2000 1625 2036 lineis
1647 1999 1743 2035 colli
1770 2003 1903 2035 ancloe

299 2067 683 2117 longitndinalibzes,
704 2063 928 2100 rectricibus
948 2060 1238 2108 remigibusque
1258 2062 1402 2107 nigris,
1423 2058 1526 2106 gula
1546 2057 1651 2092 alba.

370 2130 485 2174 Capta
514 2130 608 2159 circa
638 2124 925 2170 Argentoratum
956 2118 1005 2154 ad
1035 2118 1133 2152 Ann.
1168 2119 1267 2164 1780.
1295 2118 1421 2150 Minor
1444 2116 1553 2150 ardea
1577 2120 1738 2158 cinerea,
1762 2119 1903 2161 magni-

298 2185 425 2220 tudine
445 2182 517 2217 sere
532 2181 661 2216 ardeae
681 2179 843 2215 stellaris.
872 2172 1022 2212 Collum
1043 2173 1198 2223 gracile,
1217 2183 1257 2208 ut
1276 2173 1323 2207 ad
1339 2184 1438 2207 veras
1457 2172 1604 2216 ardeas,
1620 2184 1698 2206 non
1711 2171 1757 2206 ad
1774 2171 1904 2206 butau-

298 2253 357 2276 ros
378 2246 563 2289 pertineat.
602 2240 721 2286 Caput
747 2235 960 2281 collumque
988 2238 1128 2282 postice
1148 2231 1402 2278 ferrugineum.
1428 2230 1565 2266 Vertex
1592 2239 1628 2265 et
1653 2234 1759 2265 crista
1780 2227 1906 2263 colore
