<?xml version="1.0" encoding="UTF-8"?>
<!DOCTYPE html PUBLIC "-//W3C//DTD XHTML 1.0 Transitional//EN"
    "http://www.w3.org/TR/xhtml1/DTD/xhtml1-transitional.dtd">
<html xmlns="http://www.w3.org/1999/xhtml" xml:lang="en" lang="en">
 <head>
  <title>
</title>
<meta http-equiv="Content-Type" content="text/html;charset=utf-8" />
  <meta name='ocr-system' content='tesseract 3.04.00' />
  <meta name='ocr-capabilities' content='ocr_page ocr_carea ocr_par ocr_line ocrx_word'/>
</head>
<body>
  <div class='ocr_page' id='page_1' title='image "./observationeszoo00herm_0203.png"; bbox 0 0 2054 2748; ppageno 0'>
   <div class='ocr_carea' id='block_1_1' title="bbox 911 153 1817 206">
    <p class='ocr_par' dir='ltr' id='par_1_1' title="bbox 911 153 1817 206">
     <span class='ocr_line' id='line_1_1' title="bbox 911 153 1817 206; baseline 0.001 -23"><span class='ocrx_word' id='word_1_1' title='bbox 911 153 1124 184; x_wconf 84' lang='lat' dir='ltr'>AVES.</span> <span class='ocrx_word' id='word_1_2' title='bbox 1741 162 1817 206; x_wconf 63' lang='lat'>199</span> 
     </span>
    </p>
   </div>
   <div class='ocr_carea' id='block_1_2' title="bbox 203 237 1817 519">
    <p class='ocr_par' dir='ltr' id='par_1_2' title="bbox 203 237 1817 519">
     <span class='ocr_line' id='line_1_2' title="bbox 206 237 1816 293; baseline 0.004 -18"><span class='ocrx_word' id='word_1_3' title='bbox 206 239 340 275; x_wconf 82' lang='lat' dir='ltr'>clarior</span> <span class='ocrx_word' id='word_1_4' title='bbox 355 248 391 274; x_wconf 86' lang='lat' dir='ltr'>et</span> <span class='ocrx_word' id='word_1_5' title='bbox 410 243 524 286; x_wconf 80' lang='lat' dir='ltr'>magIs</span> <span class='ocrx_word' id='word_1_6' title='bbox 549 237 812 273; x_wconf 77' lang='lat' dir='ltr'>coerulescens.</span> <span class='ocrx_word' id='word_1_7' title='bbox 833 237 1126 285; x_wconf 77' lang='lat' dir='ltr'>Hypochondria</span> <span class='ocrx_word' id='word_1_8' title='bbox 1149 243 1203 274; x_wconf 88' lang='lat' dir='ltr'>uti</span> <span class='ocrx_word' id='word_1_9' title='bbox 1223 243 1260 273; x_wconf 90' lang='lat' dir='ltr'>in</span> <span class='ocrx_word' id='word_1_10' title='bbox 1282 244 1350 274; x_wconf 82' lang='lat' dir='ltr'>isio</span> <span class='ocrx_word' id='word_1_11' title='bbox 1371 239 1457 274; x_wconf 78' lang='lat' dir='ltr'>albo</span> <span class='ocrx_word' id='word_1_12' title='bbox 1480 247 1622 287; x_wconf 76' lang='lat' dir='ltr'>striata,</span> <span class='ocrx_word' id='word_1_13' title='bbox 1656 245 1756 293; x_wconf 82' lang='lat' dir='ltr'>quod</span> <span class='ocrx_word' id='word_1_14' title='bbox 1777 252 1816 280; x_wconf 77' lang='lat' dir='ltr'>in</span> 
     </span>
     <span class='ocr_line' id='line_1_3' title="bbox 206 296 1816 349; baseline 0.001 -17"><span class='ocrx_word' id='word_1_15' title='bbox 206 303 305 332; x_wconf 77' lang='lat' dir='ltr'>crissi</span> <span class='ocrx_word' id='word_1_16' title='bbox 323 308 438 344; x_wconf 78' lang='lat' dir='ltr'>usque</span> <span class='ocrx_word' id='word_1_17' title='bbox 453 302 594 344; x_wconf 79' lang='lat' dir='ltr'>apicem</span> <span class='ocrx_word' id='word_1_18' title='bbox 612 302 857 331; x_wconf 75' lang='lat' dir='ltr'>continuatur,</span> <span class='ocrx_word' id='word_1_19' title='bbox 878 296 992 330; x_wconf 79' lang='lat' dir='ltr'>Dorsi</span> <span class='ocrx_word' id='word_1_20' title='bbox 1008 308 1091 330; x_wconf 88' lang='lat' dir='ltr'>cum</span> <span class='ocrx_word' id='word_1_21' title='bbox 1111 302 1281 345; x_wconf 82' lang='lat' dir='ltr'>aquatico</span> <span class='ocrx_word' id='word_1_22' title='bbox 1304 296 1409 332; x_wconf 90' lang='lat' dir='ltr'>color</span> <span class='ocrx_word' id='word_1_23' title='bbox 1426 297 1545 342; x_wconf 88' lang='lat' dir='ltr'>idem,</span> <span class='ocrx_word' id='word_1_24' title='bbox 1566 306 1632 334; x_wconf 78' lang='lat' dir='ltr'>nisi</span> <span class='ocrx_word' id='word_1_25' title='bbox 1657 303 1757 349; x_wconf 83' lang='lat' dir='ltr'>quod</span> <span class='ocrx_word' id='word_1_26' title='bbox 1777 308 1816 338; x_wconf 71' lang='lat' dir='ltr'>jn</span> 
     </span>
     <span class='ocr_line' id='line_1_4' title="bbox 205 351 1816 404; baseline 0.004 -17"><span class='ocrx_word' id='word_1_27' title='bbox 205 353 330 387; x_wconf 86' lang='lat' dir='ltr'>medio</span> <span class='ocrx_word' id='word_1_28' title='bbox 354 358 499 400; x_wconf 80' lang='lat' dir='ltr'>nigrum</span> <span class='ocrx_word' id='word_1_29' title='bbox 518 359 583 397; x_wconf 87' lang='lat' dir='ltr'>sit,</span> <span class='ocrx_word' id='word_1_30' title='bbox 601 364 813 401; x_wconf 75' lang='lat' dir='ltr'>sparsasque</span> <span class='ocrx_word' id='word_1_31' title='bbox 837 351 999 386; x_wconf 80' lang='lat' dir='ltr'>maculas</span> <span class='ocrx_word' id='word_1_32' title='bbox 1019 352 1151 388; x_wconf 78' lang='lat' dir='ltr'>habeat</span> <span class='ocrx_word' id='word_1_33' title='bbox 1166 382 1174 398; x_wconf 93' lang='lat'>,</span> <span class='ocrx_word' id='word_1_34' title='bbox 1202 366 1295 402; x_wconf 82' lang='lat' dir='ltr'>quae</span> <span class='ocrx_word' id='word_1_35' title='bbox 1318 367 1467 404; x_wconf 84' lang='lat' dir='ltr'>quoque</span> <span class='ocrx_word' id='word_1_36' title='bbox 1494 366 1578 390; x_wconf 86' lang='lat' dir='ltr'>sunt</span> <span class='ocrx_word' id='word_1_37' title='bbox 1601 362 1638 391; x_wconf 92' lang='lat' dir='ltr'>in</span> <span class='ocrx_word' id='word_1_38' title='bbox 1662 366 1816 395; x_wconf 74' lang='lat' dir='ltr'>tectiici-</span> 
     </span>
     <span class='ocr_line' id='line_1_5' title="bbox 205 408 1817 462; baseline 0.005 -19"><span class='ocrx_word' id='word_1_39' title='bbox 205 409 290 455; x_wconf 88' lang='lat' dir='ltr'>bus,</span> <span class='ocrx_word' id='word_1_40' title='bbox 312 415 416 457; x_wconf 80' lang='lat' dir='ltr'>nigro</span> <span class='ocrx_word' id='word_1_41' title='bbox 433 409 679 458; x_wconf 80' lang='lat' dir='ltr'>irregulariter</span> <span class='ocrx_word' id='word_1_42' title='bbox 698 408 950 445; x_wconf 68' lang='lat' dir='ltr'>circumdatas</span> <span class='ocrx_word' id='word_1_43' title='bbox 979 410 1190 457; x_wconf 81' lang='lat' dir='ltr'>Longitudo</span> <span class='ocrx_word' id='word_1_44' title='bbox 1211 412 1313 460; x_wconf 74' lang='lat' dir='ltr'>digiti</span> <span class='ocrx_word' id='word_1_45' title='bbox 1336 419 1466 461; x_wconf 80' lang='lat' dir='ltr'>postici</span> <span class='ocrx_word' id='word_1_46' title='bbox 1491 418 1527 447; x_wconf 89' lang='lat' dir='ltr'>in</span> <span class='ocrx_word' id='word_1_47' title='bbox 1553 424 1709 462; x_wconf 86' lang='lat' dir='ltr'>quatuor</span> <span class='ocrx_word' id='word_1_48' title='bbox 1728 422 1817 451; x_wconf 79' lang='lat' dir='ltr'>meis</span> 
     </span>
     <span class='ocr_line' id='line_1_6' title="bbox 203 466 1817 519; baseline 0.004 -17"><span class='ocrx_word' id='word_1_49' title='bbox 203 467 303 502; x_wconf 86' lang='lat' dir='ltr'>rallis</span> <span class='ocrx_word' id='word_1_50' title='bbox 324 467 476 513; x_wconf 86' lang='lat' dir='ltr'>eadem,</span> <span class='ocrx_word' id='word_1_51' title='bbox 495 467 581 503; x_wconf 85' lang='lat' dir='ltr'>licet</span> <span class='ocrx_word' id='word_1_52' title='bbox 602 473 700 515; x_wconf 87' lang='lat' dir='ltr'>ipsae</span> <span class='ocrx_word' id='word_1_53' title='bbox 717 479 799 502; x_wconf 87' lang='lat' dir='ltr'>aves</span> <span class='ocrx_word' id='word_1_54' title='bbox 813 476 948 501; x_wconf 82' lang='lat' dir='ltr'>statura</span> <span class='ocrx_word' id='word_1_55' title='bbox 969 466 1062 501; x_wconf 83' lang='lat' dir='ltr'>adeo</span> <span class='ocrx_word' id='word_1_56' title='bbox 1086 467 1264 504; x_wconf 77' lang='lat' dir='ltr'>differant.</span> <span class='ocrx_word' id='word_1_57' title='bbox 1286 469 1359 505; x_wconf 83' lang='lat' dir='ltr'>Sed</span> <span class='ocrx_word' id='word_1_58' title='bbox 1377 476 1551 506; x_wconf 68' lang='lat' dir='ltr'>crassities</span> <span class='ocrx_word' id='word_1_59' title='bbox 1572 473 1817 519; x_wconf 70' lang='lat' dir='ltr'>magnitudini</span> 
     </span>
    </p>
   </div>
   <div class='ocr_carea' id='block_1_3' title="bbox 203 523 1818 632">
    <p class='ocr_par' dir='ltr' id='par_1_3' title="bbox 203 523 1818 632">
     <span class='ocr_line' id='line_1_7' title="bbox 203 523 1227 573; baseline 0 -13"><span class='ocrx_word' id='word_1_60' title='bbox 203 530 277 560; x_wconf 79' lang='lat' dir='ltr'>avis</span> <span class='ocrx_word' id='word_1_61' title='bbox 292 532 581 573; x_wconf 84' lang='lat' dir='ltr'>proportionata.</span> <span class='ocrx_word' id='word_1_62' title='bbox 601 526 641 558; x_wconf 84' lang='lat' dir='ltr'>In</span> <span class='ocrx_word' id='word_1_63' title='bbox 657 523 750 557; x_wconf 85' lang='lat' dir='ltr'>rallo</span> <span class='ocrx_word' id='word_1_64' title='bbox 766 535 871 558; x_wconf 83' lang='lat' dir='ltr'>crece</span> <span class='ocrx_word' id='word_1_65' title='bbox 885 534 1009 558; x_wconf 86' lang='lat' dir='ltr'>autem</span> <span class='ocrx_word' id='word_1_66' title='bbox 1025 529 1148 559; x_wconf 85' lang='lat' dir='ltr'>minor</span> <span class='ocrx_word' id='word_1_67' title='bbox 1166 535 1227 560; x_wconf 84' lang='lat' dir='ltr'>est.</span> 
     </span>
     <span class='ocr_line' id='line_1_8' title="bbox 276 579 1818 632; baseline 0.003 -16"><span class='ocrx_word' id='word_1_68' title='bbox 276 583 366 616; x_wconf 90' lang='lat' dir='ltr'>Non</span> <span class='ocrx_word' id='word_1_69' title='bbox 386 591 438 616; x_wconf 87' lang='lat' dir='ltr'>est</span> <span class='ocrx_word' id='word_1_70' title='bbox 458 580 582 615; x_wconf 77' lang='lat' dir='ltr'>rallus</span> <span class='ocrx_word' id='word_1_71' title='bbox 601 579 769 621; x_wconf 72' lang='lat' dir='ltr'>dubius,</span> <span class='ocrx_word' id='word_1_72' title='bbox 799 591 908 628; x_wconf 88' lang='lat' dir='ltr'>quem</span> <span class='ocrx_word' id='word_1_73' title='bbox 929 579 1041 615; x_wconf 76' lang='lat' dir='ltr'>habet</span> <span class='ocrx_word' id='word_1_74' title='bbox 1067 581 1238 617; x_wconf 66' lang='lat' dir='ltr'>Pallet-[cs</span> <span class='ocrx_word' id='word_1_75' title='bbox 1260 592 1297 617; x_wconf 91' lang='lat' dir='ltr'>et</span> <span class='ocrx_word' id='word_1_76' title='bbox 1320 583 1654 632; x_wconf 73' lang='lat' dir='ltr'>Milcetpaclzerus</span> <span class='ocrx_word' id='word_1_77' title='bbox 1673 587 1757 621; x_wconf 73' lang='lat' dir='ltr'>Iter</span> <span class='ocrx_word' id='word_1_78' title='bbox 1775 588 1818 621; x_wconf 71' lang='lat' dir='ltr'>in</span> 
     </span>
    </p>
   </div>
   <div class='ocr_carea' id='block_1_4' title="bbox 203 637 1120 685">
    <p class='ocr_par' dir='ltr' id='par_1_4' title="bbox 203 637 1120 685">
     <span class='ocr_line' id='line_1_9' title="bbox 203 637 1120 685; baseline -0.001 -12"><span class='ocrx_word' id='word_1_79' title='bbox 203 637 474 673; x_wconf 73' lang='lat' dir='ltr'>Sclavoniam</span> <span class='ocrx_word' id='word_1_80' title='bbox 492 650 592 684; x_wconf 85' lang='lat'>1772.</span> <span class='ocrx_word' id='word_1_81' title='bbox 608 646 830 685; x_wconf 84' lang='lat' dir='ltr'>susceptum.</span> <span class='ocrx_word' id='word_1_82' title='bbox 850 637 993 671; x_wconf 75' lang='lat' dir='ltr'>Budae</span> <span class='ocrx_word' id='word_1_83' title='bbox 1021 638 1120 684; x_wconf 65' lang='lat'>1784.</span> 
     </span>
    </p>
   </div>
   <div class='ocr_carea' id='block_1_5' title="bbox 462 751 1556 797">
    <p class='ocr_par' dir='ltr' id='par_1_5' title="bbox 462 751 1556 797">
     <span class='ocr_line' id='line_1_10' title="bbox 462 751 1556 797; baseline 0.002 -2"><span class='ocrx_word' id='word_1_84' title='bbox 462 752 785 796; x_wconf 86' lang='lat' dir='ltr'><strong>RALLUS</strong></span> <span class='ocrx_word' id='word_1_85' title='bbox 835 751 1344 796; x_wconf 87' lang='lat' dir='ltr'>PALUDOSUS.</span> <span class='ocrx_word' id='word_1_86' title='bbox 1395 754 1556 797; x_wconf 85' lang='lat' dir='ltr'>Nobis.</span> 
     </span>
    </p>
   </div>
   <div class='ocr_carea' id='block_1_6' title="bbox 198 855 1816 965">
    <p class='ocr_par' dir='ltr' id='par_1_6' title="bbox 198 855 1816 965">
     <span class='ocr_line' id='line_1_11' title="bbox 274 855 1815 907; baseline 0.004 -16"><span class='ocrx_word' id='word_1_87' title='bbox 274 856 419 891; x_wconf 64' lang='lat' dir='ltr'>Rostro</span> <span class='ocrx_word' id='word_1_88' title='bbox 437 855 685 904; x_wconf 75' lang='lat' dir='ltr'>pedibusque</span> <span class='ocrx_word' id='word_1_89' title='bbox 705 856 1011 901; x_wconf 68' lang='lat' dir='ltr'>virescentibus,</span> <span class='ocrx_word' id='word_1_90' title='bbox 1027 866 1185 906; x_wconf 77' lang='lat' dir='ltr'>pectore</span> <span class='ocrx_word' id='word_1_91' title='bbox 1204 858 1498 907; x_wconf 71' lang='lat' dir='ltr'>abdomineqzce</span> <span class='ocrx_word' id='word_1_92' title='bbox 1514 859 1815 907; x_wconf 76' lang='lat' dir='ltr'>rufescencibus,</span> 
     </span>
     <span class='ocr_line' id='line_1_12' title="bbox 198 912 1816 965; baseline 0.005 -19"><span class='ocrx_word' id='word_1_93' title='bbox 198 913 312 947; x_wconf 82' lang='lat' dir='ltr'>dorso</span> <span class='ocrx_word' id='word_1_94' title='bbox 332 912 721 962; x_wconf 67' lang='lat' dir='ltr'>lly‘poclzondn‘isque</span> <span class='ocrx_word' id='word_1_95' title='bbox 739 914 872 961; x_wconf 74' lang='lat' dir='ltr'>fuscis</span> <span class='ocrx_word' id='word_1_96' title='bbox 900 915 994 950; x_wconf 83' lang='lat' dir='ltr'>albo</span> <span class='ocrx_word' id='word_1_97' title='bbox 1021 915 1264 959; x_wconf 75' lang='lat' dir='ltr'>maculatis,</span> <span class='ocrx_word' id='word_1_98' title='bbox 1292 916 1505 964; x_wconf 72' lang='lat' dir='ltr'>remigibus</span> <span class='ocrx_word' id='word_1_99' title='bbox 1536 927 1658 961; x_wconf 65' lang='lat' dir='ltr'>aens,</span> <span class='ocrx_word' id='word_1_100' title='bbox 1681 923 1816 965; x_wconf 75' lang='lat' dir='ltr'>prima</span> 
     </span>
    </p>
   </div>
   <div class='ocr_carea' id='block_1_7' title="bbox 196 979 1814 1077">
    <p class='ocr_par' dir='ltr' id='par_1_7' title="bbox 196 979 1814 1077">
     <span class='ocr_line' id='line_1_13' title="bbox 196 979 359 1005; baseline 0 0"><span class='ocrx_word' id='word_1_101' title='bbox 196 979 359 1005; x_wconf 75' lang='lat' dir='ltr'>serraca.</span> 
     </span>
     <span class='ocr_line' id='line_1_14' title="bbox 268 1026 1814 1077; baseline 0.003 -16"><span class='ocrx_word' id='word_1_102' title='bbox 268 1026 377 1061; x_wconf 77' lang='lat' dir='ltr'>Railo</span> <span class='ocrx_word' id='word_1_103' title='bbox 405 1031 578 1074; x_wconf 85' lang='lat' dir='ltr'>aquatico</span> <span class='ocrx_word' id='word_1_104' title='bbox 600 1031 732 1061; x_wconf 87' lang='lat' dir='ltr'>minor.</span> <span class='ocrx_word' id='word_1_105' title='bbox 764 1027 910 1075; x_wconf 77' lang='lat' dir='ltr'>Corpus</span> <span class='ocrx_word' id='word_1_106' title='bbox 941 1040 1192 1077; x_wconf 87' lang='lat' dir='ltr'>compressum</span> <span class='ocrx_word' id='word_1_107' title='bbox 1207 1056 1215 1072; x_wconf 90' lang='lat'>,</span> <span class='ocrx_word' id='word_1_108' title='bbox 1237 1027 1332 1063; x_wconf 86' lang='lat' dir='ltr'>forte</span> <span class='ocrx_word' id='word_1_109' title='bbox 1350 1041 1370 1064; x_wconf 87' lang='lat' dir='ltr'>a</span> <span class='ocrx_word' id='word_1_110' title='bbox 1392 1034 1520 1064; x_wconf 85' lang='lat' dir='ltr'>macie.</span> <span class='ocrx_word' id='word_1_111' title='bbox 1544 1030 1733 1066; x_wconf 64' lang='lat' dir='ltr'>Rostrum</span> <span class='ocrx_word' id='word_1_112' title='bbox 1755 1038 1814 1067; x_wconf 79' lang='lat' dir='ltr'>vix</span> 
     </span>
    </p>
   </div>
   <div class='ocr_carea' id='block_1_8' title="bbox 193 1082 1811 1304">
    <p class='ocr_par' dir='ltr' id='par_1_8' title="bbox 193 1082 1811 1304">
     <span class='ocr_line' id='line_1_15' title="bbox 194 1082 1811 1136; baseline 0.003 -17"><span class='ocrx_word' id='word_1_113' title='bbox 194 1089 322 1132; x_wconf 87' lang='lat' dir='ltr'>capitis</span> <span class='ocrx_word' id='word_1_114' title='bbox 344 1082 602 1130; x_wconf 82' lang='lat' dir='ltr'>longitudine,</span> <span class='ocrx_word' id='word_1_115' title='bbox 628 1084 761 1129; x_wconf 87' lang='lat' dir='ltr'>viride,</span> <span class='ocrx_word' id='word_1_116' title='bbox 782 1084 1007 1133; x_wconf 81' lang='lat' dir='ltr'>marginibus</span> <span class='ocrx_word' id='word_1_117' title='bbox 1027 1085 1212 1134; x_wconf 88' lang='lat' dir='ltr'>dorsoque</span> <span class='ocrx_word' id='word_1_118' title='bbox 1227 1084 1333 1119; x_wconf 88' lang='lat' dir='ltr'>luteis</span> <span class='ocrx_word' id='word_1_119' title='bbox 1356 1091 1394 1120; x_wconf 88' lang='lat' dir='ltr'>in</span> <span class='ocrx_word' id='word_1_120' title='bbox 1413 1098 1479 1121; x_wconf 88' lang='lat' dir='ltr'>ave</span> <span class='ocrx_word' id='word_1_121' title='bbox 1498 1093 1636 1122; x_wconf 86' lang='lat' dir='ltr'>recenti</span> <span class='ocrx_word' id='word_1_122' title='bbox 1650 1116 1657 1131; x_wconf 93' lang='lat'>,</span> <span class='ocrx_word' id='word_1_123' title='bbox 1672 1089 1811 1136; x_wconf 80' lang='lat' dir='ltr'>angulo</span> 
     </span>
     <span class='ocr_line' id='line_1_16' title="bbox 196 1139 1810 1190; baseline 0.004 -14"><span class='ocrx_word' id='word_1_124' title='bbox 196 1147 267 1176; x_wconf 89' lang='lat' dir='ltr'>oris</span> <span class='ocrx_word' id='word_1_125' title='bbox 296 1140 417 1174; x_wconf 90' lang='lat' dir='ltr'>rubro.</span> <span class='ocrx_word' id='word_1_126' title='bbox 453 1142 529 1174; x_wconf 73' lang='lat' dir='ltr'>Iris</span> <span class='ocrx_word' id='word_1_127' title='bbox 554 1139 741 1186; x_wconf 81' lang='lat' dir='ltr'>brunnea,</span> <span class='ocrx_word' id='word_1_128' title='bbox 768 1154 832 1176; x_wconf 87' lang='lat' dir='ltr'>seu</span> <span class='ocrx_word' id='word_1_129' title='bbox 855 1141 1069 1190; x_wconf 80' lang='lat' dir='ltr'>ferruginea.</span> <span class='ocrx_word' id='word_1_130' title='bbox 1105 1143 1249 1177; x_wconf 69' lang='lat' dir='ltr'>Verceae</span> <span class='ocrx_word' id='word_1_131' title='bbox 1280 1152 1317 1178; x_wconf 86' lang='lat' dir='ltr'>et</span> <span class='ocrx_word' id='word_1_132' title='bbox 1348 1142 1471 1178; x_wconf 90' lang='lat' dir='ltr'>nucha</span> <span class='ocrx_word' id='word_1_133' title='bbox 1503 1143 1810 1182; x_wconf 82' lang='lat' dir='ltr'>olivaceo-susca.</span> 
     </span>
     <span class='ocr_line' id='line_1_17' title="bbox 194 1196 1811 1248; baseline 0.003 -15"><span class='ocrx_word' id='word_1_134' title='bbox 194 1199 370 1233; x_wconf 78' lang='lat' dir='ltr'>Dorsum</span> <span class='ocrx_word' id='word_1_135' title='bbox 397 1196 540 1232; x_wconf 83' lang='lat' dir='ltr'>fuscum</span> <span class='ocrx_word' id='word_1_136' title='bbox 565 1198 720 1233; x_wconf 85' lang='lat' dir='ltr'>maculis</span> <span class='ocrx_word' id='word_1_137' title='bbox 741 1205 871 1248; x_wconf 82' lang='lat' dir='ltr'>sparsis</span> <span class='ocrx_word' id='word_1_138' title='bbox 894 1199 996 1235; x_wconf 85' lang='lat' dir='ltr'>albis.</span> <span class='ocrx_word' id='word_1_139' title='bbox 1025 1199 1135 1235; x_wconf 81' lang='lat' dir='ltr'>Alae</span> <span class='ocrx_word' id='word_1_140' title='bbox 1162 1199 1289 1234; x_wconf 84' lang='lat' dir='ltr'>subtus</span> <span class='ocrx_word' id='word_1_141' title='bbox 1316 1205 1493 1235; x_wconf 82' lang='lat' dir='ltr'>cinereae.</span> <span class='ocrx_word' id='word_1_142' title='bbox 1522 1202 1712 1236; x_wconf 78' lang='lat' dir='ltr'>Teccrices</span> <span class='ocrx_word' id='word_1_143' title='bbox 1742 1213 1811 1238; x_wconf 87' lang='lat' dir='ltr'>tres</span> 
     </span>
     <span class='ocr_line' id='line_1_18' title="bbox 193 1253 1809 1304; baseline 0.004 -15"><span class='ocrx_word' id='word_1_144' title='bbox 193 1261 299 1304; x_wconf 81' lang='lat' dir='ltr'>apice</span> <span class='ocrx_word' id='word_1_145' title='bbox 324 1253 647 1291; x_wconf 80' lang='lat' dir='ltr'>albo-maculatae.</span> <span class='ocrx_word' id='word_1_146' title='bbox 677 1256 874 1292; x_wconf 73' lang='lat' dir='ltr'>Recmces</span> <span class='ocrx_word' id='word_1_147' title='bbox 897 1262 1088 1292; x_wconf 88' lang='lat' dir='ltr'>interiores</span> <span class='ocrx_word' id='word_1_148' title='bbox 1110 1255 1251 1302; x_wconf 82' lang='lat' dir='ltr'>fuscae,</span> <span class='ocrx_word' id='word_1_149' title='bbox 1280 1262 1478 1292; x_wconf 85' lang='lat' dir='ltr'>exteriores</span> <span class='ocrx_word' id='word_1_150' title='bbox 1506 1256 1809 1295; x_wconf 85' lang='lat' dir='ltr'>albo-fasciatae.</span> 
     </span>
    </p>
   </div>
   <div class='ocr_carea' id='block_1_9' title="bbox 197 1312 421 1348">
    <p class='ocr_par' dir='ltr' id='par_1_9' title="bbox 197 1312 421 1348">
     <span class='ocr_line' id='line_1_19' title="bbox 197 1312 421 1348; baseline -0.004 0"><span class='ocrx_word' id='word_1_151' title='bbox 197 1312 308 1348; x_wconf 73' lang='lat' dir='ltr'>Gula</span> <span class='ocrx_word' id='word_1_152' title='bbox 327 1312 421 1347; x_wconf 87' lang='lat' dir='ltr'>alba.</span> 
     </span>
    </p>
   </div>
   <div class='ocr_carea' id='block_1_10' title="bbox 190 1368 1811 1529">
    <p class='ocr_par' dir='ltr' id='par_1_10' title="bbox 190 1368 1811 1529">
     <span class='ocr_line' id='line_1_20' title="bbox 264 1368 1811 1419; baseline 0.002 -16"><span class='ocrx_word' id='word_1_153' title='bbox 264 1371 335 1403; x_wconf 92' lang='lat' dir='ltr'>Ao.</span> <span class='ocrx_word' id='word_1_154' title='bbox 368 1368 466 1415; x_wconf 77' lang='lat'>1773.</span> <span class='ocrx_word' id='word_1_155' title='bbox 492 1368 526 1402; x_wconf 93' lang='lat' dir='ltr'>d.</span> <span class='ocrx_word' id='word_1_156' title='bbox 549 1368 605 1402; x_wconf 80' lang='lat'>23.</span> <span class='ocrx_word' id='word_1_157' title='bbox 628 1368 766 1415; x_wconf 85' lang='lat' dir='ltr'>Aprilis</span> <span class='ocrx_word' id='word_1_158' title='bbox 789 1382 906 1416; x_wconf 85' lang='lat' dir='ltr'>prope</span> <span class='ocrx_word' id='word_1_159' title='bbox 932 1370 1221 1416; x_wconf 83' lang='lat' dir='ltr'>Argentoratum</span> <span class='ocrx_word' id='word_1_160' title='bbox 1241 1375 1392 1404; x_wconf 83' lang='lat' dir='ltr'>occisus.</span> <span class='ocrx_word' id='word_1_161' title='bbox 1417 1370 1479 1404; x_wconf 89' lang='lat' dir='ltr'>An</span> <span class='ocrx_word' id='word_1_162' title='bbox 1497 1369 1609 1404; x_wconf 89' lang='lat' dir='ltr'>rallus</span> <span class='ocrx_word' id='word_1_163' title='bbox 1628 1376 1811 1419; x_wconf 79' lang='lat' dir='ltr'>minutus,</span> 
     </span>
     <span class='ocr_line' id='line_1_21' title="bbox 190 1423 1735 1476; baseline 0.001 -15"><span class='ocrx_word' id='word_1_164' title='bbox 190 1426 369 1461; x_wconf 68' lang='lat' dir='ltr'>Pallasit</span> <span class='ocrx_word' id='word_1_165' title='bbox 384 1425 402 1459; x_wconf 69' lang='grc'>,7</span> <span class='ocrx_word' id='word_1_166' title='bbox 426 1423 600 1459; x_wconf 87' lang='lat' dir='ltr'>Eundem</span> <span class='ocrx_word' id='word_1_167' title='bbox 623 1430 735 1459; x_wconf 89' lang='lat' dir='ltr'>etiam</span> <span class='ocrx_word' id='word_1_168' title='bbox 755 1424 868 1460; x_wconf 87' lang='lat' dir='ltr'>habet</span> <span class='ocrx_word' id='word_1_169' title='bbox 888 1424 1044 1459; x_wconf 88' lang='lat' dir='ltr'>Pillerus</span> <span class='ocrx_word' id='word_1_170' title='bbox 1071 1434 1107 1458; x_wconf 91' lang='lat' dir='ltr'>et</span> <span class='ocrx_word' id='word_1_171' title='bbox 1124 1423 1435 1473; x_wconf 83' lang='lat' dir='ltr'>Milterpacherus</span> <span class='ocrx_word' id='word_1_172' title='bbox 1462 1425 1532 1462; x_wconf 90' lang='lat' dir='ltr'>loc.</span> <span class='ocrx_word' id='word_1_173' title='bbox 1549 1432 1609 1462; x_wconf 85' lang='lat' dir='ltr'>cit.</span> <span class='ocrx_word' id='word_1_174' title='bbox 1629 1440 1664 1476; x_wconf 92' lang='lat' dir='ltr'>p.</span> <span class='ocrx_word' id='word_1_175' title='bbox 1680 1428 1735 1465; x_wconf 76' lang='lat'>26.</span> 
     </span>
     <span class='ocr_line' id='line_1_22' title="bbox 266 1479 1195 1529; baseline -0.002 -11"><span class='ocrx_word' id='word_1_176' title='bbox 266 1481 455 1518; x_wconf 73' lang='lat' dir='ltr'>Buffonius</span> <span class='ocrx_word' id='word_1_177' title='bbox 470 1491 542 1517; x_wconf 88' lang='lat' dir='ltr'>tres</span> <span class='ocrx_word' id='word_1_178' title='bbox 560 1490 706 1516; x_wconf 88' lang='lat' dir='ltr'>tantum</span> <span class='ocrx_word' id='word_1_179' title='bbox 724 1481 838 1516; x_wconf 91' lang='lat' dir='ltr'>rallos</span> <span class='ocrx_word' id='word_1_180' title='bbox 857 1481 1048 1529; x_wconf 84' lang='lat' dir='ltr'>indigenas</span> <span class='ocrx_word' id='word_1_181' title='bbox 1072 1479 1195 1516; x_wconf 72' lang='lat' dir='ltr'>habet.</span> 
     </span>
    </p>
   </div>
   <div class='ocr_carea' id='block_1_11' title="bbox 555 1588 1444 1635">
    <p class='ocr_par' dir='ltr' id='par_1_11' title="bbox 555 1588 1444 1635">
     <span class='ocr_line' id='line_1_23' title="bbox 555 1588 1444 1635; baseline 0.003 -3"><span class='ocrx_word' id='word_1_182' title='bbox 555 1588 916 1633; x_wconf 91' lang='lat' dir='ltr'>PSOPHIA</span> <span class='ocrx_word' id='word_1_183' title='bbox 967 1589 1444 1635; x_wconf 86' lang='lat' dir='ltr'>CREPITANS.</span> 
     </span>
    </p>
   </div>
   <div class='ocr_carea' id='block_1_12' title="bbox 192 1690 1806 1803">
    <p class='ocr_par' dir='ltr' id='par_1_12' title="bbox 192 1690 1806 1803">
     <span class='ocr_line' id='line_1_24' title="bbox 265 1690 1806 1745; baseline 0.004 -19"><span class='ocrx_word' id='word_1_184' title='bbox 265 1691 328 1726; x_wconf 77' lang='lat' dir='ltr'>An</span> <span class='ocrx_word' id='word_1_185' title='bbox 347 1703 453 1738; x_wconf 84' lang='lat' dir='ltr'>grues</span> <span class='ocrx_word' id='word_1_186' title='bbox 473 1690 596 1726; x_wconf 74' lang='lat' dir='ltr'>referri</span> <span class='ocrx_word' id='word_1_187' title='bbox 612 1703 633 1725; x_wconf 91' lang='lat' dir='ltr'>a</span> <span class='ocrx_word' id='word_1_188' title='bbox 653 1691 840 1727; x_wconf 84' lang='lat' dir='ltr'>Pallasio</span> <span class='ocrx_word' id='word_1_189' title='bbox 858 1692 970 1726; x_wconf 84' lang='lat' dir='ltr'>Fasc.</span> <span class='ocrx_word' id='word_1_190' title='bbox 988 1692 1012 1726; x_wconf 97' lang='lat' dir='ltr'><em>I</em></span> <span class='ocrx_word' id='word_1_191' title='bbox 1016 1691 1060 1727; x_wconf 89' lang='lat' dir='ltr'>V.</span> <span class='ocrx_word' id='word_1_192' title='bbox 1078 1702 1157 1725; x_wconf 90' lang='lat' dir='ltr'>non</span> <span class='ocrx_word' id='word_1_193' title='bbox 1176 1690 1319 1739; x_wconf 85' lang='lat' dir='ltr'>placet,</span> <span class='ocrx_word' id='word_1_194' title='bbox 1340 1692 1389 1727; x_wconf 93' lang='lat' dir='ltr'>ob</span> <span class='ocrx_word' id='word_1_195' title='bbox 1409 1705 1514 1728; x_wconf 87' lang='lat' dir='ltr'>nares</span> <span class='ocrx_word' id='word_1_196' title='bbox 1537 1704 1661 1730; x_wconf 82' lang='lat' dir='ltr'>ovatas</span> <span class='ocrx_word' id='word_1_197' title='bbox 1674 1724 1682 1741; x_wconf 96' lang='lat'>,</span> <span class='ocrx_word' id='word_1_198' title='bbox 1696 1707 1806 1745; x_wconf 77' lang='lat' dir='ltr'>caput</span> 
     </span>
     <span class='ocr_line' id='line_1_25' title="bbox 192 1747 1804 1803; baseline 0.004 -19"><span class='ocrx_word' id='word_1_199' title='bbox 192 1747 386 1795; x_wconf 81' lang='lat' dir='ltr'>subcrispis</span> <span class='ocrx_word' id='word_1_200' title='bbox 410 1753 540 1795; x_wconf 86' lang='lat' dir='ltr'>pennis</span> <span class='ocrx_word' id='word_1_201' title='bbox 561 1756 720 1793; x_wconf 88' lang='lat' dir='ltr'>tectum,</span> <span class='ocrx_word' id='word_1_202' title='bbox 745 1758 904 1783; x_wconf 89' lang='lat' dir='ltr'>rostrum</span> <span class='ocrx_word' id='word_1_203' title='bbox 926 1748 1083 1794; x_wconf 85' lang='lat' dir='ltr'>brevius,</span> <span class='ocrx_word' id='word_1_204' title='bbox 1109 1753 1224 1796; x_wconf 82' lang='lat' dir='ltr'>magis</span> <span class='ocrx_word' id='word_1_205' title='bbox 1247 1748 1490 1797; x_wconf 84' lang='lat' dir='ltr'>fornicatum,</span> <span class='ocrx_word' id='word_1_206' title='bbox 1520 1764 1622 1788; x_wconf 86' lang='lat' dir='ltr'>crura</span> <span class='ocrx_word' id='word_1_207' title='bbox 1648 1766 1804 1803; x_wconf 91' lang='lat' dir='ltr'>propor-</span> 
     </span>
    </p>
   </div>
   <div class='ocr_carea' id='block_1_13' title="bbox 189 1804 1803 2085">
    <p class='ocr_par' dir='ltr' id='par_1_13' title="bbox 189 1804 686 1842">
     <span class='ocr_line' id='line_1_26' title="bbox 189 1804 686 1842; baseline -0.006 0"><span class='ocrx_word' id='word_1_208' title='bbox 189 1811 293 1842; x_wconf 87' lang='lat' dir='ltr'>tione</span> <span class='ocrx_word' id='word_1_209' title='bbox 313 1815 493 1840; x_wconf 84' lang='lat' dir='ltr'>tarsorum</span> <span class='ocrx_word' id='word_1_210' title='bbox 512 1804 686 1840; x_wconf 82' lang='lat' dir='ltr'>breviora.</span> 
     </span>
    </p>

    <p class='ocr_par' dir='ltr' id='par_1_14' title="bbox 189 1861 1803 2085">
     <span class='ocr_line' id='line_1_27' title="bbox 264 1861 1803 1912; baseline 0.004 -14"><span class='ocrx_word' id='word_1_211' title='bbox 264 1863 353 1898; x_wconf 89' lang='lat' dir='ltr'>Meo</span> <span class='ocrx_word' id='word_1_212' title='bbox 384 1861 586 1911; x_wconf 73' lang='lat' dir='ltr'>exemplari</span> <span class='ocrx_word' id='word_1_213' title='bbox 618 1871 728 1911; x_wconf 84' lang='lat' dir='ltr'>caput</span> <span class='ocrx_word' id='word_1_214' title='bbox 756 1868 925 1911; x_wconf 80' lang='lat' dir='ltr'>nigrum,</span> <span class='ocrx_word' id='word_1_215' title='bbox 955 1867 1085 1911; x_wconf 88' lang='lat' dir='ltr'>pennis</span> <span class='ocrx_word' id='word_1_216' title='bbox 1117 1867 1263 1912; x_wconf 79' lang='lat' dir='ltr'>crispis,</span> <span class='ocrx_word' id='word_1_217' title='bbox 1295 1863 1459 1911; x_wconf 83' lang='lat' dir='ltr'>villosis,</span> <span class='ocrx_word' id='word_1_218' title='bbox 1490 1865 1620 1902; x_wconf 87' lang='lat' dir='ltr'>densis.</span> <span class='ocrx_word' id='word_1_219' title='bbox 1653 1867 1803 1904; x_wconf 84' lang='lat' dir='ltr'>Collum</span> 
     </span>
     <span class='ocr_line' id='line_1_28' title="bbox 189 1918 1803 1972; baseline 0.004 -17"><span class='ocrx_word' id='word_1_220' title='bbox 189 1929 292 1970; x_wconf 86' lang='lat' dir='ltr'>parte</span> <span class='ocrx_word' id='word_1_221' title='bbox 310 1918 481 1954; x_wconf 80' lang='lat' dir='ltr'>inferiore</span> <span class='ocrx_word' id='word_1_222' title='bbox 500 1930 702 1969; x_wconf 86' lang='lat' dir='ltr'>pectusque</span> <span class='ocrx_word' id='word_1_223' title='bbox 722 1920 928 1956; x_wconf 86' lang='lat' dir='ltr'>violaceum</span> <span class='ocrx_word' id='word_1_224' title='bbox 943 1949 952 1966; x_wconf 96' lang='lat'>,</span> <span class='ocrx_word' id='word_1_225' title='bbox 970 1933 1211 1969; x_wconf 85' lang='lat' dir='ltr'>aeneumque.</span> <span class='ocrx_word' id='word_1_226' title='bbox 1235 1920 1351 1956; x_wconf 88' lang='lat' dir='ltr'>Color</span> <span class='ocrx_word' id='word_1_227' title='bbox 1366 1921 1491 1958; x_wconf 82' lang='lat' dir='ltr'>subtus</span> <span class='ocrx_word' id='word_1_228' title='bbox 1505 1929 1618 1972; x_wconf 81' lang='lat' dir='ltr'>niger.</span> <span class='ocrx_word' id='word_1_229' title='bbox 1642 1925 1803 1961; x_wconf 70' lang='lat' dir='ltr'>Dorsum</span> 
     </span>
     <span class='ocr_line' id='line_1_29' title="bbox 192 1977 1801 2029; baseline 0.002 -17"><span class='ocrx_word' id='word_1_230' title='bbox 192 1982 313 2012; x_wconf 79' lang='lat' dir='ltr'>amice</span> <span class='ocrx_word' id='word_1_231' title='bbox 338 1982 508 2024; x_wconf 82' lang='lat' dir='ltr'>nigrum,</span> <span class='ocrx_word' id='word_1_232' title='bbox 536 1978 658 2013; x_wconf 89' lang='lat' dir='ltr'>medio</span> <span class='ocrx_word' id='word_1_233' title='bbox 681 1977 973 2023; x_wconf 85' lang='lat' dir='ltr'>subtestaceum,</span> <span class='ocrx_word' id='word_1_234' title='bbox 1001 1983 1142 2027; x_wconf 83' lang='lat' dir='ltr'>postice</span> <span class='ocrx_word' id='word_1_235' title='bbox 1171 1984 1355 2014; x_wconf 81' lang='lat' dir='ltr'>cinereum</span> <span class='ocrx_word' id='word_1_236' title='bbox 1379 1986 1511 2029; x_wconf 85' lang='lat' dir='ltr'>pennis</span> <span class='ocrx_word' id='word_1_237' title='bbox 1537 1981 1653 2029; x_wconf 79' lang='lat' dir='ltr'>laxis,</span> <span class='ocrx_word' id='word_1_238' title='bbox 1685 1983 1801 2018; x_wconf 81' lang='lat' dir='ltr'>barbis</span> 
     </span>
     <span class='ocr_line' id='line_1_30' title="bbox 189 2032 1383 2085; baseline 0.003 -16"><span class='ocrx_word' id='word_1_239' title='bbox 189 2032 395 2070; x_wconf 87' lang='lat' dir='ltr'>linearibus.</span> <span class='ocrx_word' id='word_1_240' title='bbox 427 2034 522 2070; x_wconf 86' lang='lat' dir='ltr'>Alae</span> <span class='ocrx_word' id='word_1_241' title='bbox 546 2036 736 2085; x_wconf 88' lang='lat' dir='ltr'>caudaque</span> <span class='ocrx_word' id='word_1_242' title='bbox 759 2041 894 2084; x_wconf 81' lang='lat' dir='ltr'>nigrae.</span> <span class='ocrx_word' id='word_1_243' title='bbox 914 2035 1087 2071; x_wconf 85' lang='lat' dir='ltr'>Altitudo</span> <span class='ocrx_word' id='word_1_244' title='bbox 1111 2036 1383 2085; x_wconf 80' lang='lat' dir='ltr'>sesquipedalis,</span> 
     </span>
    </p>
   </div>
   <div class='ocr_carea' id='block_1_14' title="bbox 726 2143 1262 2188">
    <p class='ocr_par' dir='ltr' id='par_1_15' title="bbox 726 2143 1262 2188">
     <span class='ocr_line' id='line_1_31' title="bbox 726 2143 1262 2188; baseline -0.004 0"><span class='ocrx_word' id='word_1_245' title='bbox 726 2143 918 2188; x_wconf 90' lang='lat' dir='ltr'>OTIS</span> <span class='ocrx_word' id='word_1_246' title='bbox 970 2144 1262 2187; x_wconf 85' lang='lat' dir='ltr'>TARDA.</span> 
     </span>
    </p>
   </div>
   <div class='ocr_carea' id='block_1_15' title="bbox 259 2233 1796 2331">
    <p class='ocr_par' dir='ltr' id='par_1_16' title="bbox 259 2233 1796 2331">
     <span class='ocr_line' id='line_1_32' title="bbox 259 2233 1796 2286; baseline 0.004 -17"><span class='ocrx_word' id='word_1_247' title='bbox 259 2233 371 2281; x_wconf 85' lang='lat' dir='ltr'>Drop</span> <span class='ocrx_word' id='word_1_248' title='bbox 390 2233 553 2270; x_wconf 89' lang='lat' dir='ltr'>Polonis.</span> <span class='ocrx_word' id='word_1_249' title='bbox 569 2235 644 2272; x_wconf 90' lang='lat' dir='ltr'>Sed</span> <span class='ocrx_word' id='word_1_250' title='bbox 654 2237 705 2273; x_wconf 88' lang='lat' dir='ltr'>ibi</span> <span class='ocrx_word' id='word_1_251' title='bbox 722 2237 903 2286; x_wconf 87' lang='lat' dir='ltr'>pelecano</span> <span class='ocrx_word' id='word_1_252' title='bbox 919 2236 1139 2273; x_wconf 85' lang='lat' dir='ltr'>onocrotalo</span> <span class='ocrx_word' id='word_1_253' title='bbox 1159 2236 1260 2274; x_wconf 86' lang='lat' dir='ltr'>haud</span> <span class='ocrx_word' id='word_1_254' title='bbox 1278 2243 1458 2273; x_wconf 88' lang='lat' dir='ltr'>minorem</span> <span class='ocrx_word' id='word_1_255' title='bbox 1480 2247 1516 2272; x_wconf 82' lang='lat' dir='ltr'>et</span> <span class='ocrx_word' id='word_1_256' title='bbox 1531 2247 1650 2274; x_wconf 89' lang='lat' dir='ltr'>totum</span> <span class='ocrx_word' id='word_1_257' title='bbox 1669 2237 1796 2275; x_wconf 85' lang='lat' dir='ltr'>album</span> 
     </span>
     <span class='ocr_line' id='line_1_33' title="bbox 1438 2296 1556 2331; baseline 0.008 -1"><span class='ocrx_word' id='word_1_258' title='bbox 1438 2296 1505 2330; x_wconf 82' lang='lat' dir='ltr'>Aa</span> <span class='ocrx_word' id='word_1_259' title='bbox 1532 2309 1556 2331; x_wconf 88' lang='lat'>2</span> 
     </span>
    </p>
   </div>
  </div>
 </body>
</html>
