2054 2748
266 153 347 181 210
624 145 1098 179 OBSERVATIONES
1143 146 1511 177 ZOOLOGICAE.

691 230 1183 275 MOTACILLA
1237 230 1455 273 ALBA.

334 318 605 351 VAmETA'm-:M
629 324 745 350 totam
772 312 896 348 albam
923 313 997 349 vidi
1019 316 1157 349 Bernae
1180 318 1217 347 in
1237 325 1365 348 museo
1388 312 1647 361 Spriingliano.

335 373 476 408 Nidum
506 374 584 418 ejus
616 376 733 419 reperi
760 370 794 405 d.
821 383 853 418 9.
873 372 1055 407 Pratensis
1082 373 1151 405 Ao.
1172 373 1230 405 ΙΙΙ.
1256 370 1379 418 (ι794.
1400 370 1435 405 d.
1459 382 1513 418 29.
1537 369 1647 418 Maji)
1677 369 1744 405 sub
1771 370 1879 419 gleba

262 436 402 479 aggeris
420 441 517 466 retro
539 429 671 463 fossam
687 433 765 462 viae
780 427 963 476 publicae.
991 427 1346 476 Haemisphaericus,
1363 437 1470 462 extus
1485 434 1666 475 gramine,
1684 434 1781 463 intus
1797 427 1874 476 pilo

262 494 409 537 equino.
445 488 522 521 Ova
546 497 628 530 Sex,
650 485 791 520 formae
809 495 1008 520 consuetae
1028 485 1279 530 subclavatae‚
1299 490 1467 531 cinerea,
1489 491 1692 520 numerosis
1713 485 1878 533 undique

261 552 406 595 punctis
422 542 702 578 obscurioribus.
730 543 922 578 Incubatio
939 548 999 578 vix
1015 548 1162 592 incepta
1176 552 1269 588 erat,
1284 548 1484 591 omniaque
1500 542 1621 578 adhuc
1637 552 1740 578 erant
1754 542 1876 578 fluida.

261 604 379 639 Nidus
404 612 501 637 arcte
522 600 747 636 adhaerebat
772 611 887 637 terrae
912 610 949 635 et
970 599 1056 635 illae
1082 606 1184 649 quasi
1203 605 1420 636 intertextus
1441 610 1528 635 erat.

365 705 857 749 MOTACILLA
896 704 1577 749 LONGICAUDATA.
1608 703 1773 748 Nobis.

334 801 523 841 Cinerea,
548 798 686 834 subcus
707 798 918 841 albicans,
943 800 1063 834 crisso
1088 799 1357 844 uropygioqzce
1378 797 1532 842 flavis,
1563 796 1697 830 cauda
1717 808 1875 844 corpore

259 859 461 906 longiore)
483 856 706 891 rectricibus
726 858 887 890 extimis
911 857 1027 898 cocis,
1047 853 1204 889 duabus
1223 853 1478 902 sequentibus
1493 855 1674 900 margine
1692 855 1875 888 inceriore

261 916 374 952 albis.

334 972 459 1007 Media
479 977 573 1005 inter
586 970 717 1005 flavam
732 980 768 1005 et
785 970 921 1005 albam.
948 973 1042 1005 Cum
1064 970 1153 1005 flava
1172 974 1348 1004 convenit
1368 967 1477 1002 dorso
1494 972 1763 1011 cinerascente,
1780 978 1875 1001 mar-

261 1036 344 1078 gine
367 1034 547 1075 remigum
572 1027 869 1069 secundariarupi
893 1027 1118 1061 candidiore.
1147 1028 1242 1059 Cum
1260 1024 1345 1058 alba
1368 1029 1542 1059 convenit
1560 1029 1695 1058 vertice
1715 1029 1875 1069 cinereO,

259 1086 322 1121 sed
342 1085 440 1119 linea
464 1084 548 1118 alba
571 1096 678 1130 supra
703 1083 832 1116 oculos
853 1089 915 1117 vix
936 1082 1023 1116 ulla.

335 1141 445 1176 Gula
475 1140 569 1175 alba.
610 1139 755 1174 Pectus
785 1138 934 1173 sordide
959 1136 1111 1182 album,
1143 1141 1358 1170 intermixto
1386 1135 1499 1171 luteo.
1541 1135 1758 1172 Abdomen
1788 1148 1875 1173 ante

258 1211 370 1234 anum
386 1226 395 1243 ‚
418 1207 454 1233 et
482 1201 647 1232 tec-trices
666 1195 806 1230 caudae
828 1194 1018 1229 inferiores
1043 1193 1139 1228 laete
1167 1192 1397 1242 sulphureae.

332 1256 484 1289 Remea)
512 1259 629 1301 prima
654 1251 870 1288 secundaria
905 1254 1107 1299 (quantum
1135 1256 1174 1285 in
1201 1249 1343 1286 avicula
1368 1249 1459 1286 farta
1485 1249 1615 1297 video)
1641 1250 1876 1299 longitudine

259 1319 418 1348 extimae
446 1316 638 1360 primariae
651 1338 660 1355 ,
681 1315 771 1358 quin
790 1321 873 1344 eam
893 1320 1088 1357 superanS,
1106 1312 1316 1342 acuminata
1329 1334 1338 1352 ,
1360 1306 1419 1355 (in
1437 1319 1511 1355 quo
1533 1307 1655 1355 grallis
1674 1307 1798 1344 multis
1816 1321 1877 1343 ac-

260 1370 375 1413 cedit,
392 1378 502 1414 atque
518 1367 591 1402 hoc
606 1372 720 1413 magis
737 1378 848 1413 quam
868 1371 907 1399 in
923 1364 1008 1399 alba
1030 1374 1066 1398 et
1080 1363 1217 1410 flava‚)
1246 1363 1322 1401 basi
1344 1374 1379 1399 et
1397 1370 1561 1411 margine
1575 1371 1758 1400 anteriore
1771 1365 1873 1401 albis,

259 1426 363 1463 Idem
388 1423 493 1459 color
514 1422 697 1458 secundae
720 1431 757 1456 et
779 1427 917 1456 tertiae.

333 1484 529 1518 Recm‘ces
561 1479 699 1527 pollice
728 1478 881 1513 dimidio
913 1476 1100 1524 longiores
1127 1488 1239 1524 quam
1273 1481 1312 1510 in
1341 1475 1482 1510 duabus
1509 1476 1699 1522 affinibus,
1728 1478 1813 1514 alba
1839 1490 1876 1515 et

260 1541 361 1578 flava.
389 1540 537 1573 Rectrix
558 1542 693 1572 extima
718 1545 794 1570 tota
816 1534 910 1569 alba.
939 1532 1110 1568 Secunda
1137 1538 1301 1580 margine
1324 1538 1506 1567 exteriore
1525 1533 1572 1568 ad
1590 1547 1706 1582 usque
1726 1535 1874 1583 pollicis

261 1598 469 1635 distantiam
488 1600 592 1643 apice
612 1600 723 1641 nigra.
750 1593 876 1627 Tertia
896 1590 1063 1626 similiter
1081 1590 1146 1625 sed
1162 1600 1306 1625 tantum
1325 1590 1372 1625 ad
1392 1590 1533 1625 dimidii
1547 1591 1693 1639 pollicis
1711 1592 1758 1627 ab
1772 1599 1876 1641 apice

261 1656 482 1692 distantiam.
510 1653 599 1687 Tres
622 1655 813 1686 interiores
833 1654 1054 1697 nigricantes
1069 1675 1078 1693 ,
1105 1647 1261 1683 duarum
1286 1653 1452 1696 priorum
1480 1654 1644 1696 margine
1671 1655 1850 1685 exteriore
1867 1678 1876 1696 ,

260 1718 473 1748 intimarum
494 1719 617 1744 autem
639 1712 805 1755 margine
826 1711 1001 1741 interiore
1024 1704 1129 1740 flavo.

490 1807 979 1852 MOTACILLA
1038 1803 1650 1848 PHOENICURUS.

333 1894 493 1927 Fnomss
512 1889 605 1925 alba.
633 1889 750 1925 Nidus
773 1887 865 1923 mihi
885 1887 1018 1922 allatus
1042 1886 1076 1922 d.
1105 1899 1156 1922 12.
1171 1886 1243 1923 Jul.
1268 1887 1367 1934 1796.
1392 1885 1558 1935 (A0.V.)
1580 1892 1619 1920 iu
1637 1886 1762 1935 amplo
1777 1887 1870 1924 fora-

262 1956 362 1986 mine
381 1954 475 1984 muri
497 1957 676 1992 structus,
701 1952 765 1995 qui
784 1956 819 1981 et
837 1951 914 1993 ipse
934 1943 1077 1993 amplus
1098 1954 1192 1990 erat,
1213 1943 1333 1979 multo
1355 1949 1539 1992 gramine,
1560 1949 1691 1991 pennis
1714 1950 1872 1994 setisque

263 2011 513 2055 compositus,
550 2014 591 2039 ut
614 2013 739 2038 tamen
764 2008 897 2037 cavitas
918 2013 995 2035 non
1023 2010 1116 2036 esset
1139 2007 1177 2036 in
1199 2001 1349 2047 medio,
1381 2001 1446 2036 sed
1473 2007 1512 2036 in
1536 2011 1700 2036 extremo
1716 2029 1724 2045 ‚
1753 2013 1872 2038 cetera

263 2068 415 2099 materia
438 2071 583 2097 tantum
602 2059 782 2108 replendo
801 2058 973 2093 foramini
990 2058 1180 2093 destinata.
1208 2061 1351 2094 Cavitas
1375 2059 1453 2094 nidi
1478 2058 1670 2107 profunda.
1700 2058 1777 2094 Ova
1796 2072 1872 2106 sex,

263 2118 464 2167 majuscula
483 2131 548 2167 pro
574 2117 736 2152 aviculae
756 2116 877 2159 mole,
898 2121 1042 2164 punctis
1062 2120 1173 2163 nigris
1191 2121 1395 2150 numerosis
1412 2128 1628 2163 conspersa,
1648 2128 1724 2150 uno
1747 2125 1872 2151 tamen

265 2178 376 2226 longe
398 2174 641 2226 paucioribus
678 2175 756 2210 Ova
775 2173 943 2209 nondum
961 2172 1133 2208 incubata
1152 2182 1264 2208 erant.
1298 2174 1453 2219 Miratus
1473 2173 1565 2208 adeo
1586 2173 1694 2208 rudes
1712 2173 1873 2209 ramulos

265 2232 640 2287 crassosquexculmos
660 2231 707 2271 ad
725 2230 822 2267 illius
844 2231 922 2265 nidi
941 2230 1117 2266 fabricam
1135 2239 1300 2278 receptos
1319 2242 1403 2265 esse.
