2054 2748
912 142 1122 175 AVES,

267 446 437 481 Femom
457 446 681 494 ferruginea,
705 446 779 481 fere
801 445 848 481 ad
870 456 985 494 usque

219 513 336 549 genua
361 501 539 550 plumosa.

266 671 392 705 Pedes
412 674 514 717 nigri.

264 727 427 774 Digitus
442 725 678 762 intermedius
698 725 928 774 longitudine
943 731 986 761 ti-

218 781 299 817 biae
315 782 494 830 aequalis,
515 783 724 819 lateralibus
747 783 850 819 nulla
870 796 986 819 mem-

218 837 328 873 brana
349 851 522 875 annexus.

273 1061 316 1098 U
312 1075 435 1110 lignes
457 1062 583 1101 breves
601 1068 703 1111 nigri.

265 1343 495 1390 Longiczcdo
524 1349 634 1379 totius
665 1350 738 1379 avis
766 1353 937 1378 extensae
963 1356 984 1378 a

216 1405 321 1433 rostri
336 1405 440 1446 apice
454 1399 501 1433 ad
518 1399 655 1433 caudae
671 1408 877 1433 extremum
897 1407 983 1433 octo

215 1454 396 1503 pollicum
416 1467 501 1490 cum
521 1454 685 1490 dimidio.

1742 134 1818 178 185

1050 233 1234 263 Internum
1248 232 1450 275 marg‘mem
1465 241 1579 277 usque
1598 231 1644 265 ad
1664 229 1818 266 rhachin

1050 294 1226 332 occupat,
1253 277 1411 318 maxime
1435 289 1473 317 in
1496 287 1743 322 exterioribus.
1776 290 1819 322 In.

1050 340 1164 375 altero
1191 345 1389 389 specimine
1416 351 1542 387 margo
1570 341 1672 376 albus
1698 349 1818 378 minus

1050 397 1208 433 evidens.

1097 454 1307 499 Fet-ruginei
1318 452 1409 487 nihil
1419 451 1582 488 observo.
1596 453 1816 501 Implumem

1050 517 1193 556 partem
1208 514 1348 555 reperio
1370 518 1454 543 octo
1470 508 1648 544 linearum
1668 523 1752 544 cum
1766 511 1819 545 di-

1050 564 1160 599 midia
1181 591 1188 609 ‚
1225 564 1352 599 tibiam
1384 575 1507 600 autem
1538 565 1716 602 linearum
1745 577 1816 602 tre-

1051 620 1173 656 decim
1195 633 1280 655 cum
1300 621 1461 656 dimidia.

1099 677 1226 712 Pedes
1246 682 1349 724 ingri.

1087 734 1262 781 'Digitus
1293 732 1435 767 medius
1469 742 1612 769 tantum
1648 736 1821 771 undecim

1050 789 1230 824 linearum
1241 802 1325 824 cum
1338 789 1487 824 dimidia
1497 818 1505 834 ,
1519 803 1632 838 quum
1646 792 1732 828 tibia
1748 803 1820 828 tre-

1051 845 1171 880 decim
1185 856 1221 881 et
1237 846 1426 880 dimidiam
1442 845 1586 882 habeat.
1606 848 1750 894 Digitus
1766 855 1821 884 in-

1051 912 1175 937 ternus
1200 912 1352 937 externo
1383 912 1526 937 tantum
1551 903 1702 939 dimidia
1723 904 1821 941 linea

1050 957 1201 992 brevior.
1222 958 1295 992 Sed
1315 967 1486 992 externus
1506 959 1721 995 membrana
1740 960 1821 996 bre·

1049 1018 1191 1048 vissima
1207 1019 1333 1061 utique
1351 1025 1527 1048 annexus.

1105 1069 1269 1116 Ungues
1290 1069 1414 1104 breves
1430 1075 1533 1116 nigri.

1097 1123 1217 1170 Digiti
1247 1124 1360 1158 medii
1386 1137 1556 1172 squamas
1587 1131 1715 1173 viginti
1749 1137 1820 1164 tres

1049 1191 1214 1213 numero.
1230 1180 1378 1227 Digitus
1400 1187 1561 1228 posticus
1581 1188 1687 1217 unius
1702 1183 1820 1220 lineae

1049 1247 1133 1268 cum
1148 1235 1260 1270 tribus
1275 1242 1484 1282 quartariis,
1501 1243 1631 1285 unguis
1647 1239 1820 1276 dimidiae

1048 1289 1176 1325 lineae.

1096 1346 1326 1392 Longiczcclo
1346 1359 1450 1382 meae
1474 1350 1697 1396 respondere
1721 1352 1819 1386 vide-

1049 1406 1262 1443 tur,na1nin
1284 1400 1395 1436 farcta
1416 1412 1452 1438 et
1472 1414 1592 1439 erecta
1616 1411 1734 1453 posita
1754 1421 1819 1444 ave

1047 1464 1189 1502 septem
1207 1455 1362 1503 pollices
1382 1468 1417 1492 et
1437 1459 1630 1495 dimidium
1653 1471 1815 1511 reperio,

1048 1520 1159 1559 atque
1180 1511 1273 1546 adeo
1298 1518 1335 1547 in
1355 1513 1465 1562 plane
1485 1526 1634 1553 extensa
1653 1531 1718 1554 ave
1741 1534 1816 1556 uno

1048 1566 1187 1616 pollice
1210 1567 1407 1618 longitudo
1426 1573 1544 1620 major
1569 1586 1644 1610 esse
1661 1585 1794 1623 potest.

769 1684 1118 1729 TRINGA
1149 1722 1257 1730 .....

293 1799 444 1844 Tringa
462 1794 626 1843 pedibus
648 1793 1143 1840 olivaceo-flavicancihus
1156 1825 1169 1841 ,
1196 1799 1414 1847 superciliis
1432 1800 1556 1849 albis,
1577 1814 1742 1852 superne
1754 1808 1817 1842 vi-

216 1853 517 1901 rescenti—fusca
532 1881 543 1895 ,
566 1852 718 1899 inferne
737 1852 923 1887 candida.

288 1910 517 1957 Longiczcdo
535 1915 640 1944 rostri
661 1909 938 1958 quatuordecim
960 1909 1162 1957 linearum,
1191 1912 1342 1949 maxilla
1360 1913 1510 1950 inferior
1533 1916 1645 1964 paulo
1666 1918 1815 1954 brevior.

215 1970 402 2005 Rostrum
421 1973 586 2015 nigrum⁷
606 1977 767 2012 rectum,
785 1966 936 2001 maxilla
955 1974 1140 2016 superiore
1160 1982 1287 2017 parum
1307 1975 1453 2007 incurva
1469 1999 1477 2017 ,
1496 1974 1752 2011 obtusiuscula.

286 2033 516 2081 Longicudo
530 2039 603 2068 avis
622 2033 669 2068 ab
683 2039 787 2082 apice
802 2038 907 2069 rostri
921 2033 967 2068 ad
983 2039 1125 2081 apicem
1139 2034 1251 2070 medii
1267 2035 1369 2083 digiti
1388 2041 1426 2070 in
1440 2047 1587 2073 extensa
1603 2052 1666 2074 ave
1683 2050 1815 2075 novem

215 2089 394 2138 pollicum
415 2102 498 2124 cum
518 2090 692 2135 dimidio,
715 2090 761 2125 ad
785 2096 928 2139 apicem
946 2090 1083 2125 caudae
1106 2091 1245 2127 eadem.
1269 2092 1329 2128 Ab
1348 2099 1454 2130 unius
1476 2095 1556 2131 alae
1575 2101 1677 2143 apice
1696 2095 1744 2132 ad
1762 2096 1816 2133 al-

217 2156 332 2182 terum
348 2146 525 2181 tredecim
537 2146 727 2194 pollicum.

289 2203 455 2238 Pemzcze
475 2203 573 2239 dorsi
595 2203 951 2251 gryseo-olivaceae,
978 2203 1124 2240 macula
1149 2205 1270 2243 media
1290 2205 1400 2244 fusca.
