2054 2748
809 165 1197 195 MAMMALIA.
1750 171 1804 213 39

202 249 374 294 dorsum,
401 258 438 284 et
458 249 551 285 duae
570 261 633 298 per
655 249 825 284 humeros
846 258 881 283 et
905 248 1044 284 femora
1066 255 1104 284 in
1122 259 1279 297 utroque
1301 247 1415 283 latere
1444 253 1493 282 ita
1513 249 1726 298 decurrunt,
1764 264 1804 289 ut

201 319 266 354 per
284 306 438 354 aliquod
458 313 615 355 spatium
642 312 803 354 integrae
831 311 902 340 sint
928 304 1079 350 fasciae,
1101 311 1207 341 series
1230 305 1317 340 dein
1340 311 1557 352 interruptas
1580 309 1805 344 macularum

200 362 453 410 irregularium
471 370 509 398 in
533 364 642 398 dorso
668 362 941 410 elongatarum,
962 367 1001 396 in
1021 361 1192 398 lateribus
1211 362 1491 398 rotundatarum
1512 361 1690 410 forment,
1711 378 1804 414 quae

199 423 238 453 in
258 429 424 454 extremo
446 432 601 468 corpore
620 427 752 454 iterum
771 427 1007 465 convergunt.

271 478 372 511 Inter
395 477 482 512 duas
501 477 598 512 dorsi
616 475 742 509 fascias
766 475 859 509 duae
885 480 1065 523 primum,
1098 484 1167 510 tres
1187 476 1319 511 deinde
1342 475 1433 511 aliae
1454 483 1560 512 series
1579 478 1805 515 macularum

200 531 446 581 oblongarum
468 531 666 581 parallelae
687 531 733 567 ad
758 531 913 566 caudam
937 544 1062 580 usque.

275 588 373 624 Gula
393 596 431 623 in
457 588 580 623 medio
608 587 713 633 alba,
741 600 825 623 cum
853 587 962 623 fascia
983 594 1185 636 interrupta
1209 598 1407 624 transversa
1430 595 1531 637 nigra
1551 618 1559 634 ‚
1581 591 1807 641 maculisque

198 650 284 680 raris
304 650 425 692 nigris.
455 644 606 679 Collum
624 651 663 679 in
681 645 804 680 medio
830 644 1072 681 albo-ssavum
1089 673 1096 689 ‚
1117 645 1225 680 fascia
1249 655 1447 681 transversa
1470 647 1655 694 irregulari
1681 656 1783 697 nigra
1799 679 1807 695 ‚

197 700 423 749 maculisque
446 701 536 737 infra
561 702 686 737 multis
708 707 835 750 parvis.
862 703 993 738 Pectus
1023 712 1188 738 ventrem
1217 714 1338 737 versus
1365 702 1513 749 album,
1546 704 1698 740 maculis
1722 713 1808 742 raris

197 756 383 805 adspersis.

270 815 409 850 Venter
428 815 553 861 albus,
581 815 740 852 seriebus
760 816 1090 863 longitudinalibus
1107 816 1336 852 macularum
1354 822 1543 853 rariorum.

268 872 412 906 Pedum
436 879 660 908 anteriorum
688 886 769 921 pars
799 879 951 908 interior
978 873 1082 908 albus
1098 901 1107 917 ,
1131 879 1289 908 exterior
1312 873 1440 909 sulvus.
1469 872 1681 910 Femoribus
1701 882 1808 911 series

198 936 397 964 transversa
423 929 669 975 macularum,
695 930 817 964 media
837 936 1006 965 maxima.
1043 931 1133 964 Tres
1157 930 1250 965 aliae
1270 929 1401 964 fasciae
1421 936 1646 978 interruptae
1670 931 1808 968 femora

197 984 410 1020 ambientes.
436 985 566 1020 Tibiae
585 999 669 1020 cum
690 992 790 1021 tarsis
808 986 933 1021 multis
952 992 1101 1021 minutis
1124 986 1275 1021 maculis
1297 992 1447 1033 guttati,
1462 992 1510 1021 ita
1530 996 1569 1021 ut
1589 992 1809 1035 nigricantes

196 1052 406 1091 appareant.

266 1099 384 1134 Pedes
406 1105 625 1148 posteriores
640 1106 693 1135 uti
713 1106 921 1136 anteriores.
950 1099 1121 1136 Altitudo
1140 1098 1279 1148 pedum
1297 1105 1524 1135 anteriorum
1544 1100 1591 1135 ad
1606 1111 1732 1149 pectus
1752 1115 1809 1137 us-

195 1168 266 1204 que
276 1157 427 1205 pedalis;
442 1157 579 1205 pedum
594 1164 836 1206 posteriorum
847 1158 893 1193 ad
908 1157 1046 1192 caudae
1060 1157 1162 1191 basin
1183 1157 1285 1205 pedis
1299 1163 1405 1193 unius
1417 1167 1453 1193 et
1465 1168 1605 1206 septem
1619 1158 1809 1206 pollicum.

269 1214 396 1248 Gauda
415 1213 533 1257 fulva,
555 1214 701 1249 annulis
724 1220 853 1261 nigris,
872 1215 918 1249 ad
938 1214 1042 1248 basin
1061 1220 1281 1260 interruptis.

269 1272 479 1314 Mystacum
497 1280 595 1305 setae
615 1276 816 1306 anteriores
837 1276 961 1316 nigrae
985 1268 1043 1304 vei
1064 1268 1141 1303 basi
1160 1274 1263 1314 nigra
1279 1278 1314 1302 et
1337 1274 1440 1314 apice
1462 1268 1569 1313 albo,
1591 1276 1808 1315 posteriores

195 1325 329 1372 albae]
359 1325 468 1373 (Ed.)

338 1443 692 1487 VIVERRA
740 1439 1399 1486 CAUDIVOLVULA'?
1448 1443 1685 1487 SCHREB.

241 1551 424 1586 Murrum
446 1549 569 1585 adhuc
589 1549 732 1584 confusi
755 1555 793 1584 in
817 1562 861 1584 eo
885 1549 985 1598 quod
1008 1548 1055 1583 ad
1075 1548 1147 1583 hoc
1171 1558 1311 1597 spectat
1330 1548 1478 1585 animal.
1506 1550 1696 1597 Kinkajou
1712 1552 1809 1600 Buf-

184 1607 299 1654 sonii
320 1607 454 1654 Suppl.
480 1607 521 1641 T.
536 1609 614 1641 III.
631 1607 708 1642 cab.
731 1608 787 1642 50.
810 1620 846 1653 p.
865 1607 944 1648 245.
965 1615 1000 1640 et
1022 1604 1214 1652 Kinkajou
1233 1607 1344 1641 Potio
1364 1606 1442 1641 aab.
1464 1608 1518 1642 51.
1541 1609 1642 1654 cujus
1661 1614 1808 1644 iconem

191 1662 380 1699 Buffonius
401 1677 422 1698 a
442 1663 673 1698 Collinsonio
695 1663 876 1708 obtinuit,
904 1663 1033 1698 diversi
1054 1667 1180 1710 utique
1200 1675 1276 1697 esse
1301 1674 1474 1711 possunt3
1502 1663 1563 1698 hic
1591 1671 1689 1700 enim
1716 1666 1807 1714 digi-

192 1730 249 1755 tos
270 1730 305 1754 et
328 1733 467 1767 ungues
482 1721 601 1755 multo
626 1726 810 1768 pai-viores
825 1726 1041 1767 auriumque
1061 1718 1171 1754 aliam
1190 1719 1432 1755 directionem
1446 1720 1568 1757 habet.
1595 1722 1706 1757 Duae
1720 1729 1807 1759 istae

191 1782 317 1812 icones
335 1787 452 1812 rostro
474 1776 607 1811 obtuso
631 1789 715 1811 cum
739 1782 848 1811 icone
871 1778 1067 1811 Pennantii
1090 1782 1327 1814 conveniunt.

264 1835 307 1868 In
336 1839 508 1868 auctione
541 1835 859 1869 Poissonnieriana
889 1835 1030 1869 Parisiis
1064 1845 1160 1880 1799.
1188 1834 1270 1880 (Α.0
1285 1834 1457 1883 7‚Reip.)
1478 1841 1643 1871 instituta
1670 1837 1805 1872 animal

193 1895 265 1925 emi
287 1891 353 1925 sub
372 1897 524 1926 nomine
547 1890 757 1938 Kinkajou,
773 1891 875 1940 quod
890 1890 1024 1938 figurae
1039 1891 1323 1927 Vosmaerianae
1349 1893 1524 1940 (Sclweb.
1546 1895 1624 1930 tab.
1652 1897 1725 1931 125.
1740 1896 1802 1943 B.)

191 1953 353 1981 maxime
371 1948 579 1995 respondet.

265 2004 556 2051 Magnicadme
580 2014 633 2039 est
657 2003 754 2049 felis,
781 2004 846 2039 sed
868 2010 983 2052 magis
1008 2005 1250 2053 productum:
1276 2007 1352 2054 pili
1371 2020 1416 2042 ex
1438 2008 1539 2044 fusco
1564 2009 1666 2054 flavi,
1687 2010 1804 2055 nitidi⁷

192 2059 391 2094 uniformes
405 2089 414 2105 ,
435 2060 542 2095 valde
565 2062 668 2096 densi
687 2072 722 2096 et
744 2074 873 2110 parum
892 2062 1167 2098 incumbentes:
1188 2073 1311 2110 capue
1332 2077 1503 2113 parvum7
1525 2065 1802 2111 acutiusculmn⁷

192 2115 266 2150 fere
287 2127 325 2151 ut
344 2123 381 2151 in
400 2124 508 2152 icone
528 2119 806 2164 Vosinaeriana,
827 2125 1053 2166 minimeque
1071 2119 1243 2155 obtusum
1262 2127 1315 2156 uti
1334 2128 1372 2156 in
1388 2123 1640 2158 Pennantiana
1660 2132 1696 2156 et
1711 2122 1801 2158 dua-

192 2171 259 2207 bus
281 2173 526 2211 Buffonianis:
554 2176 689 2223 facies
717 2188 786 2210 nec
819 2176 918 2211 nuda
955 2188 1024 2210 nec
1053 2182 1176 2224 nigra:
1210 2178 1317 2212 ocula·
1346 2185 1557 2227 permagni:
1598 2180 1804 2214 auriculae

194 2227 398 2276 oblongae,
416 2244 543 2279 parum
564 2232 715 2280 pilosae.
743 2233 894 2269 Dentes
913 2237 1116 2280 superiores
1135 2247 1198 2271 sex
1219 2239 1407 2283 primores
1429 2235 1619 2284 aequales:
1646 2242 1805 2272 exterior
