2054 2748
792 162 1182 192 MAMMALIA.
1742 168 1789 210 19

257 249 404 284 Caudae
424 247 567 283 articuli
589 247 713 296 longi,
732 259 867 283 novem
886 253 915 282 si
934 247 1029 282 bene
1048 251 1209 282 memini.

254 308 440 341 Mammae
460 305 664 354 pectorales
682 305 807 340 nullae
829 304 1058 349 observatae,
1077 305 1141 339 sed
1161 305 1254 339 duae
1273 302 1434 352 papillae
1449 308 1621 351 utrinqne
1641 307 1687 341 ad
1710 307 1787 343 vul-

179 374 283 407 vam,
311 364 554 410 majusculae,
579 363 873 411 semiellipticae‚
901 374 1151 410 compressae,
1178 359 1432 406 duriusculae,
1455 366 1652 396 introrsum
1669 376 1788 399 versus,

179 433 216 455 se
237 427 395 456 invicem
418 427 634 457 incurvatae.
957 466 961 468 ῃ

251 478 417 513 Odorem
439 479 545 513 illum
565 475 880 524 vespertilionibus
899 475 986 511 alias
1009 481 1198 524 proprium
1220 488 1298 510 non
1317 474 1512 511 observavi.

251 535 383 570 Postea
409 541 447 569 in
467 533 594 568 foenili
616 533 764 568 militari
784 539 935 568 viciniae
963 538 1111 568 centeni
1133 539 1248 581 capti,
1275 539 1313 566 in
1335 545 1491 581 quorum
1514 531 1673 568 maribus
1695 532 1786 567 odo-

178 602 256 625 rem
278 591 384 626 illum
405 589 721 638 vespertiliox‘tibus
740 596 930 638 proprium
949 596 1076 638 utique
1097 596 1207 625 etiam
1230 589 1426 625 observavi.

253 648 415 682 Caudam
435 660 556 682 versus
576 654 762 695 superiora
781 647 934 682 reflectit
953 646 1125 695 (dimidio
1143 657 1287 682 tantum
1304 656 1488 692 extremo,
1506 652 1555 681 ita
1572 656 1612 682 ut
1625 647 1673 682 ad
1687 646 1790 682 basin

178 710 385 740 concavitas
407 703 558 739 inferior
576 704 812 740 membranae
833 703 1038 751 formetur).

250 760 407 796 Nullum
426 772 552 810 postea
567 767 682 810 reperi
698 775 812 810 usque
832 762 879 797 ad
905 777 915 797 1
929 777 955 796 1.
976 774 1089 796 mens.
1103 760 1304 796 Germinal.
1324 762 1366 796 A.
1383 762 1415 797 8.
1439 760 1490 808 (1.
1511 760 1647 808 Aprilis
1668 760 1787 807 1800.)

176 817 238 853 ubi
265 824 303 852 in
325 824 444 853 curiae
464 825 610 868 porticu
631 830 796 854 mortuus
812 819 916 867 gelu,
937 825 1154 864 exsiccatus,
1176 818 1241 854 alis
1264 818 1471 863 involutus,
1494 818 1647 866 pedibus
1666 827 1789 866 poste-

175 875 330 910 rioribus
345 889 538 924 suspensus
557 887 719 926 repertus
739 887 799 912 est.

249 935 412 981 Corpore
434 933 493 968 hic
517 947 594 969 non
615 934 716 969 fusco
738 940 790 969 uti
811 934 896 978 ille,
919 933 984 968 sed
1004 933 1113 968 dorso
1137 938 1282 967 cinereo
1299 960 1307 976 ,
1326 941 1361 966 et
1381 941 1508 967 ventre
1528 930 1664 965 albido.

250 988 323 1023 Sed
344 1002 472 1024 omnes
490 991 743 1038 magnitudine
762 996 923 1025 minores
943 990 1201 1038 vespertilione
1223 994 1422 1024 communi.
1453 989 1537 1036 (Tr.
1558 987 1646 1035 Ed.)

247 1045 391 1093 (Verno
414 1057 580 1096 tempore
600 1048 671 1083 An.
686 1059 719 1095 9.
744 1047 887 1096 (1801.)
911 1047 1025 1082 alium
1051 1047 1116 1082 alis
1140 1046 1348 1082 involutum
1364 1045 1591 1094 pedibusque
1612 1049 1791 1093 posterio-

172 1102 270 1136 ribus
286 1116 501 1151 suspensum
521 1111 700 1152 rigentem
723 1105 843 1139 adhuc
864 1110 981 1153 reperi
1001 1110 1039 1139 in
1059 1104 1186 1139 infimo
1209 1117 1321 1152 specu
1341 1109 1400 1138 cui
1422 1108 1592 1138 introitus
1615 1101 1788 1138 obscurus

172 1169 209 1194 et
228 1170 346 1195 arctus
369 1167 407 1195 in
432 1161 531 1197 colle
552 1162 599 1197 ad
622 1161 962 1210 Hangenbietheim
989 1166 1074 1209 pagi
1095 1162 1289 1209 Argentor.
1317 1160 1409 1207 Ed.)

248 1290 501 1324 Commerson
531 1296 569 1324 in
588 1292 736 1325 Fauna
761 1290 987 1324 Borhonica
1014 1294 1262 1335 manuscripta
1289 1296 1485 1334 sequentes
1512 1285 1788 1333 vespertiliones

172 1357 289 1380 novos
319 1346 490 1378 describit
503 1359 512 1377 :

175 1422 221 1457 V
239 1423 518 1456 mauricianus.
545 1419 800 1461 Ecauclatzas,
819 1420 951 1466 capite
971 1417 1155 1466 domique
1175 1417 1365 1452 lateribus
1386 1418 1478 1464 rufis
1493 1445 1505 1460 ‚
1526 1418 1653 1460 collo,
1672 1418 1787 1454 doz-so

269 1488 311 1513 ec
328 1490 486 1525 corpore
509 1477 645 1512 subcus
671 1485 850 1512 saturat&
860 1477 1104 1522 ferrugineis
1118 1503 1129 1517 ,
1159 1474 1323 1509 auribus
1343 1473 1673 1521 simplicissimis,
1698 1478 1789 1523 pal-

272 1537 348 1570 mis
366 1533 692 1582 bizmgzciczilacis.
721 1534 931 1568 Commers.
960 1544 1069 1566 mser.
1094 1541 1146 1566 ηρ
1171 1541 1225 1573 [02.

316 1593 367 1626 La
387 1591 524 1640 grande
549 1590 836 1627 Chauve-souris
857 1589 902 1625 de
924 1590 1098 1624 Maurice.
1127 1588 1350 1636 Magnitudo
1372 1588 1502 1623 eadem
1521 1600 1614 1636 quac
1633 1590 1785 1637 Vesper-

267 1648 405 1684 tilionis
436 1648 576 1683 insulae
603 1650 737 1683 Bonro.
777 1648 898 1695 &cujus
931 1645 1127 1694 descriptio
1156 1656 1281 1681 autem
1313 1658 1392 1680 non
1415 1645 1605 1694 occurrit.)
1642 1647 1785 1682 Dentes

271 1705 393 1740 iidem.

283 1795 285 1797 ,
318 1761 472 1797 Habitat
492 1767 531 1796 in
550 1762 666 1807 sylvis.
695 1763 821 1796 Carnis
840 1773 949 1809 sapor
967 1765 1185 1808 exquisitus,
1206 1760 1395 1809 leporinae
1411 1760 1602 1796 accedens.

174 1893 221 1929 V:
244 1892 536 1929 acetabzilosus.
567 1892 796 1934 Ctzudcztns,
819 1893 1100 1940 flisco-niger,
1121 1891 1216 1938 pilis
1245 1891 1301 1926 ad
1326 1900 1522 1927 extremos
1547 1890 1784 1939 plantarum

268 1951 415 1998 digitos
432 1950 678 1998 longissimis
692 1978 704 1993 ,
726 1950 962 1985 membrana
977 1949 1240 1985 acetabuloscz
1259 1948 1371 1984 nuda
1390 1949 1445 1984 acl
1461 1959 1648 1984 scemam.
1673 1949 1783 1982 Com-

269 2020 379 2043 mers.
400 2021 510 2043 mser.
526 2017 582 2043 ηρ
599 2008 653 2043 51.

314 2067 366 2100 La
387 2071 501 2114 petite
522 2065 804 2100 Chauve-souris
825 2065 875 2100 du
900 2065 989 2099 Port
1012 2065 1132 2099 Louis.
1160 2064 1382 2112 Magnitudo
1406 2075 1681 2113 europaeorum.
1708 2061 1783 2095 Vo-

269 2122 362 2157 latus
385 2123 591 2171 amplitudo
612 2123 794 2172 pollicum
814 2123 953 2157 decem.

316 2181 458 2214 Dentes
474 2186 511 2214 in
523 2181 675 2215 maxdla
689 2185 875 2228 superiore
891 2180 964 2215 duo
980 2185 1079 2227 parvi
1095 2184 1294 2214 anteriores
1306 2208 1314 2224 ,
1333 2179 1514 2226 disjuncti.
1531 2178 1618 2213 Duo
1632 2179 1781 2211 maximi

271 2240 380 2269 ctiam
399 2243 530 2272 remoti
544 2248 581 2273 et
596 2242 758 2274 uncinati
770 2266 779 2284 ⁷
797 2250 860 2273 seu
874 2236 1068 2272 introilexi.
1089 2236 1252 2272 Molares
1272 2242 1435 2284 quinque
1455 2235 1513 2271 vel
1531 2247 1594 2268 sex
1609 2238 1781 2280 contigui.

1469 2294 1496 2325 C
1525 2303 1546 2325 2
