2054 2748
726 137 1174 165 AMPHIBIA.
1668 129 1748 186 253

221 221 345 257 Color.
376 223 495 269 Caput
514 219 792 256 immaculatum
811 225 978 267 griseum.

217 280 358 326 Corpus
373 283 410 311 in
430 283 637 311 universum
656 283 820 324 griseum.
850 276 964 311 Series
985 276 1125 325 duplex
1147 276 1373 311 macularum
1391 277 1588 315 dorsalium
1613 281 1747 317 oblon-

143 345 289 381 garum,
323 333 845 381 subparallelogrammarum‚
875 333 1145 380 irregularium,
1180 343 1220 368 ut
1252 333 1338 368 illae
1363 335 1512 370 dextrae
1541 344 1642 372 seriei
1672 345 1745 374 istis

143 395 307 424 sinistrae
330 403 407 424 non
436 391 707 438 respondeant,
736 395 941 436 nigrarum,
967 389 1139 424 albedine
1167 390 1384 426 flavescente
1414 392 1496 439 plus
1527 400 1644 429 minus
1678 401 1745 429 eir-

143 447 406 482 cumdatarum.
433 448 569 481 Earum
592 452 691 495 paria
720 451 860 480 circiter
885 445 1082 480 duodecim
1111 446 1306 493 distinguo.
1344 448 1412 481 Per
1436 448 1585 483 dorsum
1609 452 1746 485 caudae

143 509 251 538 series
273 503 500 538 macularum
523 503 764 551 simplicium,
787 503 852 537 sed
875 513 960 537 sunt
983 514 1131 550 quoque
1152 503 1350 538 verticillus
1365 504 1478 539 modo
1499 519 1608 550 unus⁷
1632 508 1745 541 modo

142 561 238 605 duo,
261 560 375 595 modo
396 570 486 604 tres,
510 565 571 607 qui
591 559 659 594 1130
677 559 822 594 macula
843 569 977 593 carent.

215 617 275 652 Ad
302 616 413 650 latera
441 621 548 650 series
578 615 806 650 macularum
831 615 904 650 sere
933 615 1087 650 totidem
1117 616 1390 663 irregularium,
1418 617 1744 663 subocellatarum,

141 673 321 708 fuscarurn
335 700 343 716 ,
374 671 514 720 pupilla
555 672 638 707 alba
652 700 660 716 ,
691 678 851 720 squamis
884 672 1082 720 granulatis
1113 673 1295 720 pupillam
1323 673 1563 709 formantibus
1601 675 1646 709 ab
1673 689 1746 710 uua

139 743 255 778 usque
274 730 321 764 ad
339 740 479 777 septem
497 728 598 764 albis.
625 730 740 776 Regio
765 735 857 764 iuter
877 728 975 764 hanc
994 734 1123 763 seriem
1145 729 1351 764 ocellorum
1370 737 1483 779 magis
1503 731 1674 767 interfusa
1693 731 1746 766 ai-

139 786 275 822 bedine
298 785 445 834 pallida.

212 842 288 877 Sub
307 847 397 876 serie
418 842 568 878 00011311
588 849 683 878 inter
703 842 804 878 1113111
837 854 872 879 et
895 853 1061 879 ventrem
1084 850 1191 879 series
1217 845 1287 880 3113
1314 845 1541 880 macularum
1566 846 1746 894 oblonga·

138 912 238 944 rum,
259 912 306 934 ex
320 910 494 948 quatuor,
511 912 574 934 sex
587 928 596 944 ,
616 900 698 948 Ρ1115
713 906 850 945 minus,
866 907 1024 949 squamis
1039 901 1236 948 granulatis
1251 907 1359 948 nigris
1381 902 1534 937 formata
1550 930 1558 947 ,
1585 909 1643 936 0111
1664 903 1745 950 ple-

136 968 292 1004 rumque
312 956 359 990 ad
378 962 580 1001 marginem
601 963 824 1003 superiorem
841 957 976 992 albedo
996 957 1137 1002 adjecta
1156 967 1218 991 est.

208 1013 384 1059 Denique
402 1015 533 1057 inipso
554 1011 681 1045 limine
700 1011 797 1046 dorsi
816 1018 1025 1060 ventrisque
1052 1017 1159 1046 series
1186 1024 1419 1060 squamamm
1437 1015 1618 1059 majorum
1635 1026 1746 1063 quam

135 1077 220 1119 sunt
244 1065 427 1109 dorsales,
448 1075 484 1099 et
501 1072 688 1099 minorum
708 1079 819 1113 quam
836 1078 921 1100 sunt
942 1080 1005 1099 sex
1024 1068 1110 1100 illae
1129 1068 1310 1102 venti-ales
1329 1075 1455 1111 serie53
1476 1069 1546 1103 1130
1563 1083 1671 1118 saepe
1689 1071 1745 1105 di-

134 1124 286 1158 midiato
306 1127 430 1169 nigrae
443 1149 451 1165 ,
465 1132 527 1156 aut
546 1131 685 1169 puncto
706 1131 873 1166 notatae,
889 1132 952 1156 aut
971 1127 1081 1157 etiam
1101 1121 1261 1169 granulis
1282 1128 1375 1170 nigri
1394 1123 1528 1159 coloris
1547 1125 1594 1159 ad
1613 1131 1745 1175 margi-

134 1192 222 1216 nem
240 1185 465 1227 superiorem
486 1178 743 1213 circumdatae.

208 1236 268 1271 Ad
288 1235 400 1270 latera
420 1235 557 1270 caudae
581 1234 679 1270 linea
692 1235 791 1270 fusca
807 1248 871 1283 per
886 1247 999 1270 unam
1015 1235 1129 1269 modo
1148 1247 1357 1283 squamam,
1373 1247 1539 1285 quartam
1558 1248 1620 1273 aut
1635 1243 1741 1286 quin⁴>

134 1305 210 1330 tam
232 1306 253 1328 a
273 1292 371 1327 linea
391 1291 524 1327 dorsali
545 1305 758 1336 excurrens,
780 1297 914 1340 passim
938 1297 1148 1339 interrupta.

206 1349 333 1384 Gauda
351 1348 476 1383 subtus
501 1355 642 1383 cinerea
656 1377 664 1393 ,
685 1348 931 1383 immaculata.

203 1407 308 1440 Haec
327 1404 464 1439 lacerta
490 1405 594 1452 agilis
620 1410 763 1438 cinerea
789 1405 891 1448 Majo
917 1412 1023 1450 capta
1048 1403 1203 1447 femina,
1233 1414 1357 1439 ventre
1383 1405 1547 1449 tumido,
1575 1407 1741 1454 quotidie

133 1473 219 1498 octo
241 1467 382 1496 circiter
399 1473 542 1495 muscas
561 1467 723 1503 voravit,
744 1472 833 1507 quas
853 1459 1004 1493 tandem
1030 1472 1075 1493 ex
1100 1465 1209 1506 ipsius
1232 1467 1449 1508 porrigentis
1472 1475 1583 1496 11131111
1602 1470 1737 1499 sumsit.

132 1521 183 1555 D.
204 1519 233 1553 5.
255 1520 355 1552 Junii
382 1522 523 1564 peperit
546 1529 614 1550 ova
647 1515 865 1558 duodecim,
896 1526 1076 1562 quorum,
1108 1526 1308 1564 antequam
1341 1517 1396 1552 1111
1427 1519 1573 1553 ademta
1603 1530 1738 1565 essent,

133 1574 314 1624 quaedam
326 1579 473 1608 voravit.
495 1572 624 1607 Altero
645 1572 703 1606 die
715 1573 789 1618 jam
805 1570 968 1618 collapsa
985 1583 1194 1606 exarescere
1215 1584 1424 1620 coeperunt.
1452 1576 1583 1609 Museo
1602 1576 1739 1611 involvi

131 1633 305 1678 jusseram
325 1635 422 1664 sicco
436 1657 444 1672 ,
467 1639 504 1664 et
521 1629 591 1664 soli
613 1634 759 1677 exponi.
787 1627 859 1662 Sed
875 1637 1001 1675 postea
1023 1627 1068 1661 ab
1087 1628 1256 1675 agricolis
1278 1630 1430 1665 edoctus
1453 1644 1531 1665 sum
1558 1637 1596 1666 in
1621 1632 1736 1667 humo

131 1686 272 1735 sepulta
290 1690 445 1732 reperiri.
473 1687 571 1731 Ergo
595 1684 853 1719 humiditatem
876 1689 1059 1731 requirere
1079 1684 1258 1718 videntur.

204 1742 287 1778 Alia
311 1752 435 1776 tamen
452 1746 528 1775 vice
546 1740 657 1776 allata
671 1750 755 1774 sunt
776 1753 843 1775 ova
864 1740 898 1774 d.
921 1754 970 1774 io.
984 1740 1075 1787 Aug.
1097 1745 1133 1774 in
1157 1751 1270 1776 terrae.
1291 1742 1479 1790 superficie
1495 1749 1570 1791 ipsa
1586 1757 1736 1794 reperta,

130 1811 165 1836 et
184 1798 359 1849 postridie
379 1797 526 1832 exclusa
545 1807 638 1832 sunt.
667 1796 855 1832 Umbilico
870 1796 1080 1830 adhaerent.
1109 1797 1232 1842 Quum
1248 1799 1486 1835 semivxclusa
1506 1807 1643 1848 spiritui
1665 1810 1737 1838 vini

131 1861 376 1899 immisissem,
406 1866 471 1901 per
492 1853 634 1901 aliquot
653 1853 765 1888 horae
790 1858 930 1887 minuta
952 1858 1118 1887 vixerunt
1141 1864 1177 1888 et
1197 1855 1314 1889 vivide
1338 1868 1374 1889 50
1395 1863 1596 1903 agitaruut,
1617 1869 1651 1893 et
1674 1872 1735 1893 ex„

130 1913 245 1948 clusio
277 1923 422 1959 prorsus
450 1910 608 1959 perfecta
632 1920 695 1945 est.
733 1911 855 1957 Atque
880 1919 964 1943 sunt
993 1919 1079 1943 tunc
1107 1909 1338 1958 longitudine
1362 1918 1487 1960 utique
1519 1913 1732 1962 bipollicarL

130 1970 207 2005 Ova
227 1978 312 2003 sunt
332 1967 436 2012 alba,
455 1967 710 2014 magnitudine
728 1966 800 2000 sere
819 1971 1098 2014 passeriuorum.

202 2027 401 2073 Postquam
421 2024 484 2059 diu
506 2029 640 2059 nutrita
669 2034 761 2058 esset
788 2029 826 2058 111
856 2028 948 2056 vitro
966 2049 974 2065 ‚
1001 2022 1149 2056 tandem
1170 2023 1204 2058 d.
1232 2024 1282 2060 16.
1303 2026 1388 2061 Jun,
1411 2026 1501 2061 mihi
1524 2032 1731 2062 nuntiatum

130 2092 202 2128 est,
221 2091 352 2130 sponte
372 2080 555 2127 abjectam
573 2093 649 2115 esse
669 2080 857 2115 dimidiam
878 2088 1020 2126 partem
1043 2079 1190 2114 caudae.

201 2191 353 2225 Lacerta
373 2195 501 2237 exigua
515 2189 602 2237 agili
617 2195 753 2238 griseae
769 2187 894 2223 similis
911 2187 1124 2236 Monspelio
1139 2194 1263 2237 missa,
1291 2203 1397 2238 parva
1411 2219 1418 2234 ‚
1435 2190 1554 2228 differt
1567 2205 1587 2227 3
1606 2203 1729 2229 nostra

1367 2249 1381 2281 I
1399 2252 1410 2281 i
1436 2260 1458 2284 2
