2054 2748
875 150 1075 185 AVES
1700 156 1776 200 rig

169 252 209 278 ut
227 247 265 277 in
281 241 470 290 explicatis
483 252 615 288 magna
636 251 718 275 area
739 238 843 283 alba,
862 243 1063 287 interrupta
1081 248 1205 274 tamen
1220 243 1364 274 oriatur.
1385 238 1531 274 Scilicet
1549 246 1663 287 prima
1678 251 1774 275 mar-

169 305 254 346 gine
282 304 455 333 interiore
484 310 629 346 prorsus
652 297 758 341 alba;
785 296 945 331 secunda
968 303 1157 344 vestigium
1185 295 1313 332 fasciae
1336 296 1447 331 habet
1467 310 1475 339 3
1502 303 1607 332 tertia
1628 297 1776 332 fasciam

169 356 398 399 distinctam3
420 366 547 403 quarta
568 355 656 390 duas
678 354 814 389 fascias
840 354 964 401 Atque
982 359 1019 388 in
1034 354 1105 388 hoc
1126 364 1178 389 est
1196 360 1389 402 praecipue
1406 352 1507 401 quod
1526 366 1545 387 a
1566 355 1777 390 Linnaeana

168 412 415 461 descriptione
447 412 601 447 abludit.
629 411 777 446 Scilicet
796 410 860 445 ille
886 420 1044 458 quatuor
1066 416 1204 458 priores
1226 422 1370 458 prorsus
1396 410 1533 458 absque
1562 409 1677 443 [asciis
1701 423 1777 445 esse

168 468 276 513 dicit,
303 469 367 504 sed
395 475 559 518 quinque
586 467 644 503 vel
672 479 735 501 sex
756 473 793 501 in
817 466 966 515 reliquis
991 466 1098 511 facit,
1125 480 1238 514 quum
1266 473 1303 501 in
1323 467 1396 501 hoc
1418 479 1495 501 non
1524 471 1592 500 nisi
1620 476 1776 514 quatuor

168 531 240 561 sint
257 555 264 569 ,
290 527 338 562 ad
357 538 540 561 summum
561 534 597 559 et
625 523 778 559 obscure
802 529 974 572 quinque.
1001 523 1042 558 Id
1068 523 1168 571 quod
1189 530 1225 557 in
1244 523 1463 571 primoribus
1486 522 1611 558 album
1634 533 1711 567 est,
1738 529 1777 558 in.

167 584 390 618 secundariis
410 582 564 617 obscure
583 587 770 616 cinereum
793 591 855 616 est.
884 580 958 616 Sed
976 586 1014 615 in
1033 585 1220 628 superiore
1242 579 1332 614 facie
1353 578 1488 615 albedo
1513 578 1639 615 baseos
1663 585 1703 615 in
1721 591 1776 615 se-

167 639 346 673 cundariis
365 643 478 686 magis
499 638 665 673 candida.

244 695 436 729 Teccrices
456 700 657 743 superiores
680 693 911 730 uniformiter
932 693 1053 729 fuscae
1069 722 1078 739 ,
1105 703 1249 742 praeter
1267 693 1371 728 basin
1391 705 1484 741 quae
1505 692 1589 728 alba
1608 702 1684 738 est,
1711 693 1776 728 sed

165 760 263 786 tecta
282 761 318 785 et
342 751 455 786 oculis
474 764 552 786 non
576 757 785 800 conspicua.
812 751 944 787 Alala
959 757 1078 799 spuria
1094 756 1235 799 pariter.
1263 752 1449 786 Tectrices
1467 746 1654 785 inferiores
1671 763 1777 798 supe-

163 813 302 843 riorum
315 808 485 843 ordinum
501 808 634 852 suscae,
654 808 832 844 inferiorIS
848 814 1076 852 remotiores,
1091 807 1287 855 longiores,
1308 807 1384 842 basi
1397 806 1514 851 albae,
1530 816 1694 841 extremo
1708 820 1775 842 an-

164 870 299 898 teriore
313 870 494 909 cinereae,
508 872 622 914 magis
639 871 677 900 in
691 871 855 913 margine
872 870 1055 901 interiore.
1075 864 1268 900 Subalares
1284 864 1435 912 planae,
1455 873 1545 908 tres,
1560 863 1775 909 mediocres,

164 919 316 955 obscure
330 921 554 958 trifasciatae.

236 979 422 1025 Remiges
438 979 676 1014 solummodo
695 980 820 1014 subtus
843 989 879 1015 et
898 984 1062 1026 margine
1081 983 1254 1014 interiore
1269 977 1378 1012 fascia
1394 976 1533 1025 duplici
1552 976 1670 1021 fusca,
1691 987 1776 1011 cum

160 1032 232 1068 alia
252 1033 382 1069 latiore
400 1048 518 1070 versus
538 1042 692 1084 apicem.
721 1036 836 1084 Supra
860 1036 991 1071 fasciae
1010 1035 1132 1084 plures
1153 1045 1190 1070 et
1209 1034 1399 1083 aliquanto
1422 1034 1675 1069 distinctior-es.

234 1091 360 1126 Pedes
379 1099 644 1141 semipennati:
667 1104 770 1142 parte
795 1093 894 1128 nuda
923 1102 1063 1128 scutata
1079 1091 1229 1140 quidem
1244 1091 1309 1127 sed
1329 1096 1439 1127 scutis
1460 1090 1534 1126 fere
1554 1090 1774 1135 dimidiatis,

163 1153 327 1196 quinque
348 1159 491 1185 tantum
507 1150 688 1185 ordinum.
704 1151 882 1185 Braccae
900 1149 974 1184 fere
994 1148 1216 1184 unicolores.

239 1205 355 1239 Color
372 1211 411 1239 in
429 1212 637 1241 universum
659 1220 705 1242 ex
723 1207 848 1242 albido
876 1206 1071 1241 flavescens
1091 1205 1244 1240 maculis
1269 1204 1601 1252 longitudinalibus
1625 1203 1774 1251 qualem

162 1261 345 1296 Linnaeus
365 1275 430 1296 suo
453 1263 646 1308 adscribit,
666 1269 704 1297 in
723 1275 806 1296 meo
830 1262 1050 1298 nullatenus.
1071 1261 1143 1296 Sed
1163 1261 1279 1309 probe
1301 1261 1507 1296 notandum
1528 1272 1649 1295 meam
1668 1271 1775 1296 avem

162 1315 321 1352 hornam
337 1331 423 1353 esse.
453 1320 621 1354 Farctam
640 1332 828 1354 conservo.

233 1375 358 1418 Major
379 1384 544 1407 mortuus
566 1375 601 1408 d.
624 1375 678 1406 25.
703 1374 801 1420 Sept.
829 1374 1000 1407 omnibus
1015 1373 1224 1406 rectricibus
1244 1371 1513 1420 remigibusque
1528 1376 1675 1406 amissis.

235 1429 376 1472 Oculi,
403 1438 592 1472 rostrum,
617 1428 735 1476 pedes
755 1438 795 1463 ut
814 1433 851 1462 in
870 1428 1124 1476 praecedente.

232 1485 464 1533 Longiczcdo
488 1486 536 1520 ad
557 1495 740 1520 extremos
769 1497 884 1532 usque
911 1484 1022 1532 pedes
1048 1485 1301 1533 septendecim
1326 1484 1517 1534 pollicum.
1545 1485 1713 1520 Pemzae
1731 1494 1772 1521 ut

160 1546 198 1576 in
224 1542 477 1589 praecedente.
512 1543 639 1577 Pedes
664 1546 920 1590 semipennati.
953 1542 1078 1576 Scuta
1110 1551 1289 1577 tarsorum
1314 1548 1588 1590 angustissima,
1624 1552 1665 1577 ut
1699 1542 1772 1578 fere

159 1610 334 1646 squamae
364 1599 436 1634 dici
459 1605 620 1648 possint,
649 1609 686 1635 et
703 1604 898 1648 praecipue
927 1603 965 1632 in
995 1598 1125 1633 dextro
1153 1599 1272 1647 pede,
1299 1599 1362 1634 ubi
1384 1606 1444 1634 vix
1464 1610 1564 1635 scuta
1587 1605 1772 1635 nominari

158 1666 355 1691 merentur.
383 1657 412 1693 S
415 1656 599 1693 abalaoes
618 1662 783 1705 quinque
799 1685 807 1702 ‚
834 1654 1081 1704 scapularibus
1102 1655 1240 1703 pollice
1259 1656 1483 1692 brevioribus
1496 1684 1505 1702 ‚
1532 1657 1686 1692 obscure
1700 1656 1769 1692 sas-

160 1717 284 1747 ciatae.
310 1714 496 1761 Remiges
514 1706 655 1758 fuscae,
672 1719 834 1760 margine
854 1718 1026 1748 interiore
1045 1712 1198 1749 maculis
1212 1713 1324 1750 tribus
1337 1713 1452 1762 albis,
1471 1714 1599 1751 baseos
1617 1716 1769 1762 majore,

160 1768 430 1806 subdimidiata.
450 1771 646 1806 Reccrices
665 1769 739 1807 sere
762 1769 871 1805 simili
889 1768 1014 1807 modo.

423 1888 687 1934 FALCO
733 1889 1298 1935 TURTURINUS.
1340 1891 1502 1937 Nobis.

230 2000 530 2048 Macr-opcems,
558 2010 679 2037 rostro
700 2010 817 2037 acute
837 2001 1087 2037 denticulato
1101 2031 1113 2045 ,
1143 2003 1317 2038 maxilla
1341 2004 1526 2051 inferiore
1553 2011 1763 2045 truncam,

161 2055 405 2106 bracliypus,
432 2059 566 2094 cauda
589 2058 862 2102 scibczmeaca,
900 2060 1113 2107 remigibus
1139 2060 1334 2107 prioribus
1369 2064 1550 2110 margine
1584 2063 1764 2096 interiore

159 2113 330 2148 candide
345 2118 536 2161 galeatis,
564 2115 788 2151 rectricibus
812 2125 976 2164 utroque
993 2120 1174 2165 margine
1186 2119 1379 2164 fasciacis
1389 2147 1402 2162 ,
1429 2122 1605 2160 cinereo,
1620 2116 1761 2163 fulvo,

158 2168 330 2217 alboque
342 2175 490 2208 varicis.
521 2186 523 2188 ·

233 2227 301 2261 Ao.
319 2239 418 2274 1790.
437 2234 542 2267 initio
558 2231 651 2278 Maji
662 2240 798 2278 captus.
820 2231 843 2266 J
845 2242 904 2266 am
924 2228 1035 2266 fartus
1049 2229 1202 2279 allatus,
1221 2233 1321 2269 unde
1341 2236 1542 2268 accuratius
1558 2229 1763 2267 describere

1514 2288 1544 2323 P
